2073 2610
91 17 95 24 ,
219 13 406 28 ,
451 0 697 29 222222‘213-3frcw
682 0 1071 38 vrnafflfflffl
1097 4 1110 8 ”
1146 26 1157 35 ,

1057 137 1116 176 1111

249 227 305 268 qui
324 226 441 259 Julium
463 212 634 258 Caesarem
654 228 831 267 necassent,
859 234 943 264 aqua
964 228 997 256 81
1016 225 1082 264 igni
1103 224 1350 267 interdiceretur,
1370 226 1524 266 idemque
1541 212 1719 267 Octaviano
1747 237 1819 273 gs]

250 276 386 317 studuit,
416 278 452 307 111
471 276 553 307 inter
573 274 756 315 Antonium,
788 274 942 315 Lepidm
965 277 997 306 et
1018 273 1224 305 Octavianum
1244 275 1405 315 potentiae
1426 272 1561 307 societas
1581 274 1719 320 iniretur.
1746 312 1749 313 ⁷
1768 284 1786 315 ,τ
1833 270 1851 307 ’.

249 328 322 357 runt
341 325 437 365 igitur
457 325 539 356 111181
558 323 722 355 Perusiam
744 327 775 354 et
795 324 969 379 Bononiam
990 323 1036 354 ita
1056 323 1089 354 in
1109 333 1243 379 parvam
1260 323 1406 365 insulam,
1427 328 1463 356 ut
1484 335 1504 365 a
1525 324 1628 372 quinis
1642 312 1779 373 Antonii-³
1822 308 1875 338 ”⁵‘'

250 423 291 455 de
312 423 371 463 his,
394 423 448 463 qui
470 433 505 454 se
524 422 646 454 hostem
656 422 864 462 judicassent,
888 421 1085 462 incendebat,
1109 421 1310 462 Octavianus,
1333 431 1425 461 quem
1446 398 1563 455 inultus
1584 392 1674 464 pater
1687 409 1790 456 Julius
1813 458 1820 470 ἶ

249 475 282 504 81
301 473 448 504 Manibus
470 473 539 511 ejus
560 481 673 511 graves
695 471 825 502 Cassius
852 474 883 502 et
906 471 1019 514 Brutus
1049 471 1223 510 agitabant.
1267 471 1317 506 Ibi
1341 481 1397 511 per
1422 471 1552 504 biduum
1579 472 1757 511 continuum
1783 469 1820 506 a.

249 521 292 553 ad
318 531 482 562 vesperam
510 520 672 560 sedentes,
704 521 784 552 inter
811 520 979 551 Antonium
1007 524 1039 551 et
1066 520 1220 561 Lepidum
1241 520 1433 551 Octavianus
1461 521 1583 553 medius
1604 522 1684 553 11888
1706 521 1746 553 (18
1767 499 1945 578 commfflf

248 571 404 602 sententia
427 573 611 610 statuerunt,
633 573 668 600 ut
689 569 882 601 Octavianus
904 569 1099 600 consulatum
1121 569 1267 600 Ventidio
1289 569 1415 601 Antonii
1437 569 1584 602 familiari
1604 571 1744 620 eederet,
1766 573 1818 606 ut
1915 564 1944 597 ³⁴³

247 620 452 660 magistratus
474 594 715 650 Triumvirorum
743 622 915 658 crearetur,
948 628 1080 657 eumque
1101 618 1168 658 ipsi
1193 628 1249 659 per
1275 618 1518 658 quinquennium
1544 623 1696 659 gererent.
1738 616 1831 651 Provi

248 669 293 700 ita
314 668 422 709 partiti
443 671 529 708 sunt,
563 671 597 699 ut
618 668 772 699 Α111οι11118
793 668 971 699 universam
993 667 1144 708 Galliam,
1177 667 1315 708 Lepidus
1337 668 1536 708 Hispaniam,
1570 668 1761 700 Octavianus
1782 668 1923 702 Africam

248 727 318 749 cum
345 718 507 757 Sardinia,
543 708 670 748 Corsica
699 717 899 755 finitimisque
926 717 1036 747 insulis
1064 716 1203 747 haberet.
1246 716 1365 757 Lepido
1393 717 1584 757 praesidium
1605 718 1698 749 Urbis
1725 728 1796 749 cum
1814 715 1921 753 11111118
1936 721 1946 745 2

248 777 288 798 ex
315 767 381 798 suis
408 766 584 806 legionibus
612 766 762 797 committi
790 766 975 806 Hispaniam
1003 766 1194 805 provinciam
1222 767 1292 805 ejus
1318 775 1372 806 per
1399 766 1521 806 legatos
1544 766 1769 813 administrari,
1801 755 1943 811 septem·

246 824 321 846 vero
344 815 481 854 reliquas
503 815 601 855 ipsius
623 815 763 853 legiones
779 815 913 844 Antonio
936 818 967 844 et
989 814 1162 845 Octaviano
1185 814 1327 854 attribui,
1360 824 1476 853 eosque
1504 815 1594 845 denis
1616 809 1790 855 legionibus
1812 818 1920 850 centn

247 865 376 896 Brutum
392 867 423 895 81
437 863 582 895 Cassium
603 863 756 904 proficisci
777 863 904 904 placuit.
948 863 1091 894 Omnium
1116 873 1229 902 eorum,
1253 873 1330 903 quos
1347 866 1472 904 propter
1485 863 1657 904 potentiam
1679 863 1839 905 timebant,
1861 865 1938 909 aut.

246 917 372 954 propter
398 914 572 944 simultates
600 913 740 952 oderant,
769 917 822 944 aut
849 923 978 952 quorum
1006 908 1134 944 divitias
1162 913 1366 953 appetebant,
1395 913 1521 944 nomina
1542 913 1658 945 tabulis
1679 914 1802 955 publice
1823 922 1918 960 expo·
1938 927 1943 938 -·

247 962 317 995 81118
338 963 487 1003 inscripta
516 965 602 1002 sunt,
631 971 747 1001 eosque
776 971 883 992 omnes
910 962 1040 992 interfici
1070 962 1242 993 volucrunt.
1291 962 1433 1001 Denique
1463 962 1627 1001 militibus,
1661 972 1721 1002 quo
1749 959 1917 997 alacriores

246 1012 356 1044 fierent
383 1012 425 1044 ad
447 1011 650 1053 pugnandum
678 1014 710 1043 et
731 1011 963 1052 trucidandum,
997 1011 1210 1051 duodeviginti
1237 1011 1329 1043 nrbes
1358 1011 1469 1043 ltaliae
1497 1021 1566 1044 cum
1594 1011 1678 1052 agris
1706 1014 1738 1044 et
1766 1010 1917 1044 aedificiis

246 1059 436 1093 coloniarum
458 1062 526 1092 loco
548 1062 688 1101 praemia
711 1061 834 1092 futurae
856 1062 1004 1092 victoriae
1026 1061 1242 1101 promiserunt.
2054 1102 2059 1106 Ι

329 1110 574 1151 Proscriptiones
596 1114 701 1141 autem
722 1110 803 1141 istae
825 1110 973 1150 Syllanas
996 1120 1122 1141 numero
1144 1110 1237 1150 longe
1259 1114 1498 1151 superaverunt,
1527 1120 1599 1149 nam
1622 1104 1916 1157 centuquuinqua'-
2050 1108 2064 1127 ²⁵

245 1161 334 1200 ginta
356 1164 528 1200 senatores,
551 1160 613 1190 duo
636 1160 721 1190 milia
744 1160 881 1198 equitum
904 1163 935 1190 et
956 1160 1100 1200 permulti
1120 1160 1322 1191 obscurorum
1343 1160 1499 1191 hominum
1522 1160 1576 1192 alii
1596 1163 1721 1201 propter
1742 1161 1823 1192 alias
1845 1170 1917 1200 cau-
1964 1164 1966 1167 '
1992 1154 1994 1156 ¹

246 1219 300 1241 sas
332 1209 497 1250 proscripti
529 1219 549 1239 8
578 1209 728 1239 militibus
760 1208 907 1239 trucidati
936 1212 1021 1240 sunt:
1058 1209 1171 1240 Tribus
1200 1209 1310 1240 diebus
1339 1209 1492 1240 continuis
1519 1219 1580 1240 uno
1608 1219 1730 1249 quoque
1758 1209 1819 1241 dier
1836 1214 1916 1242 unus

245 1259 473 1290 triumvirorum
501 1259 646 1298 seorsim,
678 1258 776 1299 primo
810 1258 861 1289 die
889 1258 1041 1299 Lepidus,
1074 1259 1172 1289 altero
1200 1258 1366 1298 Antonius,
1399 1259 1489 1290 tertio
1519 1258 1709 1291 Octavianus
1741 1258 1774 1291 111
1800 1259 1916 1291 Urbem

245 1308 379 1347 ingressi
408 1311 480 1338 sunt
507 1317 577 1338 eum
605 1317 663 1338 sua
691 1308 822 1346 quisque
851 1307 976 1338 cohorte
1003 1307 1160 1347 praetoria
1188 1311 1219 1338 et
1242 1308 1371 1347 singulis
1393 1300 1579 1348 legionibus,
1620 1308 1758 1348 Lepidus
1785 1308 1916 1348 Lucium

243 1358 376 1389 Paulum
389 1357 416 1398 ¹)
440 1367 529 1389 suum
552 1357 688 1397 fratrem,
712 1357 864 1388 Antonius
880 1357 1008 1388 Lucium
1025 1357 1193 1388 Caesarem
1215 1357 1400 1388 avunculum
1422 1357 1612 1399 proscripsit,
1635 1357 1827 1389 Octavianus
1847 1366 1933 1400 perg

243 1408 423 1438 cussoribus
451 1407 548 1446 patris
576 1410 740 1437 contentus
768 1406 835 1437 fuit.
880 1407 966 1437 Haec
993 1407 1052 1436 nisi
1081 1407 1178 1442 multa
1207 1407 1331 1446 fuisset,
1365 1408 1460 1438 etiam
1481 1409 1571 1447 ,111818
1598 1407 1713 1438 caedes
1739 1407 1913 1439 haberetur.

243 1457 279 1488 In
301 1456 541 1497 proscriptorum
563 1465 690 1486 numero
712 1456 835 1486 fuerunt
858 1455 952 1486 etiam
974 1455 1014 1486 M.
1031 1455 1152 1486 Tullius
1167 1456 1275 1487 Cicero
1297 1465 1365 1486 cum
1388 1456 1451 1486 filio
1474 1459 1505 1487 et
1526 1456 1641 1493 Quinto
1664 1456 1768 1487 fratre-
1780 1457 1912 1496 ejusque
1930 1497 1932 1499 ‚

242 1506 322 1546 filio,
355 1505 395 1536 de
425 1506 537 1544 quibus
564 1505 674 1536 unicus
702 1515 740 1535 ex
768 1505 865 1536 caede
888 1504 983 1536 Marci
1012 1505 1103 1536 filius.
1157 1506 1188 1536 Is
1211 1505 1292 1536 enim
1315 1516 1334 1536 8
1356 1509 1443 1546 patre
1466 1505 1507 1536 ad
1528 1506 1657 1536 Brutum
1678 1505 1792 1546 missus
1813 1514 1912 1545 eoque
1980 1498 1983 1501 “

242 1554 365 1586 devicto
388 1554 430 1585 ad
453 1555 581 1585 Sextum
603 1555 786 1594 Pompeium
808 1564 842 1585 se
865 1554 1009 1594 contulit,
1042 1564 1142 1593 neque
1171 1555 1238 1585 sine
1267 1554 1360 1585 laude
1383 1555 1502 1585 meruit.
1555 1554 1723 1586 Postmodo
1750 1555 1792 1586 ab
1819 1555 1912 1588 Octa-

241 1605 335 1635 viano
357 1605 389 1634 in
410 1604 525 1635 honore
547 1604 722 1634 habebatur
744 1607 775 1634 et
797 1604 905 1634 consul
928 1604 1029 1634 factus
1051 1605 1181 1634 Romam
1203 1604 1317 1636 missus
1340 1607 1387 1634 est
1409 1608 1440 1635 et
1467 1604 1583 1644 primns
1605 1604 1649 1635 ibi
1671 1604 1849 1635 concionem
1871 1603 1914 1639 de
1991 1638 1993 1641 ⁴

241 1653 369 1683 Antonii
398 1652 439 1682 ad
467 1653 590 1682 Actium
618 1653 708 1682 clade
737 1653 897 1682 certiorem
926 1653 1008 1683 fecit.
1058 1653 1139 1683 Nota
1166 1653 1211 1683 ita
1238 1653 1319 1692 patri
1348 1653 1488 1683 Ciceroni
1515 1653 1639 1683 fortuna
1666 1653 1778 1684 arrisit.
1820 1653 1912 1693 Fuga
1942 1663 1961 1688 z,

242 1701 324 1733 8111111
347 1701 462 1732 frustra
484 1704 606 1732 tentata
629 1711 723 1740 quum
746 1701 826 1731 servi
849 1710 919 1731 cum
947 1701 1077 1731 lecticae
1105 1701 1282 1741 impositum
1309 1701 1421 1732 iterum
1450 1701 1492 1732 ad
1513 1710 1600 1732 mare
1622 1700 1743 1732 deferre
1765 1710 1912 1733 conaren-

242 1754 300 1790 tur,
323 1751 456 1781 Laenati
479 1751 666 1789 centurioni,
700 1759 773 1781 num
796 1750 904 1781 Cicero
927 1750 957 1780 in
979 1750 1151 1790 propinquo
1173 1751 1262 1781 vivus
1285 1754 1369 1781 esset
1390 1750 1562 1781 sciscitanti
1584 1753 1670 1781 sutor
1696 1750 1824 1790 quidam
1843 1760 1912 1792 pro-
1936 1759 1943 1764 “

241 1799 331 1830 didit.
375 1800 501 1830 Laenas
523 1802 711 1840 protractum
734 1809 751 1830 e
774 1799 885 1830 lectica
907 1802 1001 1840 caput
1016 1802 1063 1830 ter
1083 1799 1146 1830 ictu
1161 1799 1355 1831 vulneratum
1369 1799 1454 1831 velut
1469 1799 1754 1840 serra-praesecuit,
1775 1809 1913 1840 manum·

241 1859 300 1888 que
323 1849 476 1888 dextram,
499 1859 562 1888 qua
583 1849 775 1889 Philippicas
798 1849 984 1889 scripsisset,
1008 1848 1143 1879 abscidit
1151 1849 1191 1889 Ψ).
1236 1849 1327 1886 Quod
1342 1849 1505 1889 Antonius,
1528 1859 1622 1888 quum
1637 1848 1795 1890 Ciceronis
1816 1852 1911 1891 caput

241 1901 273 1929 et
294 1907 420 1928 manum
443 1898 675 1937 conspicaretur
696 1898 896 1928 vehementer
917 1898 1093 1937 gaudebat,
1126 1898 1227 1928 minus
1255 1898 1423 1938 mirabere,
1455 1907 1549 1937 quam
1576 1897 1659 1936 quod
1685 1898 1827 1938 Laenas,
1858 1898 1944 1938 qni-

240 1947 314 1977 olim
336 1946 478 1987 ejusdem
501 1946 659 1977 Ciceronis
681 1947 853 1987 patrocinio
876 1956 951 1979 usus
970 1956 1099 1978 causam
1120 1947 1248 1986 vicerat,
1282 1949 1403 1979 tantum
1426 1947 1539 1978 scelus
1551 1946 1740 1978 committere
1761 1956 1823 1978 non
1843 1956 1912 1988 per-

240 1996 368 2027 horruit.

310 2143 332 2174 ¹)
350 2142 400 2167 Dio
419 2142 527 2167 Cassius
546 2142 611 2172 MZ,
630 2143 653 2168 8.
688 2141 803 2171 Λέπιδος
819 2142 855 2176 τῷ
872 2150 900 2167 τε
917 2139 1024 2176 ἀδελφῷ
1042 2142 1079 2175 τῷ
1092 2140 1192 2175 Παύλῳ
1212 2140 1238 2172 ἐς
1254 2142 1376 2175 Μίλητον
1393 2140 1520 2174 {derivat
1538 2140 1677 2173 ἐπέτρεψε,
1700 2141 1746 2167 καὶ
1763 2140 1832 2174 πρὸς
1847 2139 1912 2175 cm

237 2181 333 2214 ἄλλους
350 2192 400 2209 ουκ
417 2181 601 2217 απαραίτητος
617 2178 659 2216 ἦν.
678 2198 709 2202 -
723 2181 754 2209 Ο
768 2181 907 2213 Ἀντώνιος
926 2181 972 2209 τὸν
989 2185 1076 2215 θεῖον,
1094 2182 1180 2209 πολλὰ
1196 2184 1242 2216 τῆς
1259 2182 1359 2217 μητρὸς
1374 2184 1422 2216 τῆς
1438 2183 1536 2209 ἑαυτοῦ
1553 2183 1597 2215 τῆς
1611 2181 1726 2214 Ἰουλίας
1743 2181 1918 2222 imm

238 2224 397 2299 ἀφῆζῖνῡίο
411 2266 519 2292 Cassius
537 2266 798 2292 1111ἀ8111ιΦουλουία
814 2264 830 2299 ἡ
846 2265 981 2303 ᾼπωνίου
997 2265 1062 2299 γυνὴ
1080 2266 1106 2296 ἔς
1118 2276 1145 2292 τε
1163 2265 1211 2297 τὰς
1228 2269 1319 2299 χεῖρας
1337 2264 1422 2300 αὐτὴν
1439 2264 1499 2298 (τὴν
1515 2266 1602 2298 χεῖρα)
1614 2264 1704 2298 apln’
1689 2274 1777 2293 ακοκο

234 2306 342 2339 ἐδέξατο
353 2307 397 2333 καὶ
411 2306 627 2340 ἐμπικραναμένη
640 2307 667 2333 01
684 2307 728 2332 nal
746 2306 898 2340 ἐμπτύσασα
916 2306 1004 2335 {nise
1021 2306 1054 2333 τὰ
1071 2306 1173 2340 γόνατα
1191 2307 1308 2340 ἐπέθηκε
1325 2307 1370 2333 καὶ
1387 2306 1418 2333 τὸ
1437 2306 1523 2340 στόμα
1540 2307 1662 2339 διοίξασα
1679 2305 1727 2341 τήν
1741 2316 1771 2334 τι
1785 2316 1804 2342 γ
1824 2339 1826 2341 ‚

236 2348 377 2383 ἐξείλκυσε,
394 2348 440 2375 καὶ
457 2352 516 2380 ταῖς
533 2347 662 2383 βελόναις,
681 2347 722 2377 αἶς
741 2348 767 2378 ἐς
784 2347 833 2382 τὴν
849 2347 969 2382 κεφαλὴν
986 2347 1078 2383 ἐχρῆτο
1097 2349 1274 2382 antenianus,
1292 2347 1377 2376 πολλὰ
1394 2346 1453 2383 ἅμα
1469 2348 1516 2375 καὶ
1532 2347 1616 2382 μιαρὰ
1628 2357 1730 2389 'occup
1746 2365 1748 2369 ·
1787 2366 1788 2369 =
1826 2364 1831 2368 ι
