2073 2610
202 334 404 367 securitatem
432 340 503 366 esse
524 335 625 376 nacti,
659 335 827 377 optimates
855 345 925 367 cum
947 337 1058 367 senatu
1086 335 1293 377 gaudebant,
1314 336 1546 379 Antoniumque
1566 330 1652 379 quod

202 387 269 418 tum
295 384 481 425 Pompejum
515 394 555 415 ex
587 384 743 425 Hispania
776 385 916 417 revocari
950 388 1044 425 atque
1072 385 1153 417 adeo
1183 386 1346 426 imperim
1374 388 1471 419 maris
1492 389 1522 420 ei
1543 388 1645 421 tradi
1654 403 1680 417 ιι
1784 422 1786 424 ,

203 434 328 475 posuit,
363 433 447 464 omni
473 433 568 464 laude
597 433 784 474 efferebant,
820 444 947 466 suarum
975 444 1046 465 eum
1068 442 1139 466 esse
1167 435 1303 476 partium
1331 437 1363 467 et
1389 445 1457 468 rem
1481 433 1640 478 publicam
1665 434 1723 480 per
1751 427 1763 437 ”

202 483 339 514 maxime
362 486 393 514 et
415 482 561 514 Cassium
582 482 739 514 firmatum
761 483 799 514 iri
827 484 1001 524 opinantes.
1050 484 1086 514 In
1115 493 1154 515 ea
1182 483 1294 516 fraude
1319 493 1526 525 perseverans
1546 484 1738 521 Antonius·

202 531 439 563 Atheniensium
459 532 594 572 tyranni
622 532 708 563 haud
730 532 892 564 dissimilis
915 543 934 564 a
957 535 1069 563 senatu
1091 533 1193 573 petiit,
1216 536 1250 564 nt
1270 534 1395 572 timenti
1413 534 1474 565 sibi
1486 545 1510 570 a
1529 526 1623 576 plebe
1637 528 1760 569 satelli

202 581 287 622 poris
308 580 505 612 custodiendi
533 590 631 613 causa
659 582 840 621 conquirere
867 582 984 613 liceret.
1027 581 1065 613 Id.
1085 582 1139 613 ubi
1160 585 1268 622 patres
1290 586 1519 624 concesserunt,
1542 594 1582 616 ex
1595 586 1752 618 veteranis

203 630 299 661 simos
332 639 473 669 quosque
507 633 538 661 et
566 631 610 661 rei
639 631 783 662 militaris
810 631 1018 672 peritissimos
1045 641 1106 662 non
1134 631 1249 663 milites
1278 632 1419 672 quidem,
1453 630 1510 663 sed
1542 634 1746 668 centuriones*

203 679 374 718 electisque
402 679 441 710 iis
469 679 548 710 alios
577 679 721 719 ejusdem
747 680 865 711 ordinis
893 679 963 711 sed
978 680 1103 711 nomine
1132 683 1164 712 et
1190 680 1309 712 honore
1335 681 1527 713 tribunorum
1559 683 1727 726 praefecit,

204 731 332 760 cunctos
355 729 438 759 omni
460 728 553 759 modo
576 729 636 760 sibi
658 729 883 769 obstringebat
911 738 1012 768 neque
1034 729 1135 760 minus
1157 739 1274 770 regum,
1302 730 1474 770 principum
1496 733 1529 762 et
1549 732 1722 765 civitatium
1748 765 1757 769 ,
1787 757 1789 759 .

202 787 317 819 parare
339 777 413 809 sibi.
422 777 578 808 studebat.
622 778 680 809 His
701 778 794 815 rebus
811 780 881 818 Jam
903 778 1068 818 plurimum
1089 778 1229 818 pollebat
1249 779 1403 826 Antonius
1425 788 1519 819 quum
1540 767 1794 835 OctavianusRo

204 827 354 869 pervenit.
1662 841 1669 846 ·

289 876 400 908 Gentis
423 876 584 918 Octaviae,
613 887 694 917 quae
715 878 842 908 Velitris
863 878 937 908 olim
959 878 1045 908 clara
1067 887 1087 907 a
1109 877 1289 916 Tarquinio
1300 878 1407 909 Prisco
1429 887 1501 918 rege
1523 879 1604 910 inter
1624 874 1783 914 Romanas

206 930 254 960 tes
281 926 396 958 allecta
424 936 494 958 esse
523 926 650 967 dicitur,
685 927 856 958 novissima
889 926 1062 966 eademque
1086 927 1358 958 excellentissima
1390 927 1555 968 progenies
1586 927 1645 960 fuit
1675 928 1831 967 Octavian
1869 968 1871 970 ¹

205 977 300 1008 Pater
322 979 391 1017 ejus
413 976 447 1008 C.
472 976 661 1018 Octavius')
683 981 864 1018 propraetor
886 977 1102 1008 Macedoniam
1125 976 1251 1018 sortitus
1268 976 1414 1016 justitiae
1435 976 1562 1009 laudem
1589 978 1649 1010 sibi
1675 968 1802 1020 parauit
1846 968 1909 1020 ῥ’,

206 1026 364 1057 decedens
390 1026 565 1067 provincia,
597 1027 778 1067 priusquam
806 1027 1001 1057 consulatum
1029 1026 1147 1057 ambire
1177 1029 1299 1066 posset,
1332 1027 1364 1057 in
1391 1027 1501 1058 itinere
1528 1027 1722 1067 repentinam
1745 1030 1749 1033 ’
1778 1032 1780 1034 “

206 1076 293 1116 obiit,
321 1075 395 1106 Atia
416 1085 521 1117 uxore,
554 1086 636 1115 quae
657 1076 756 1107 Balbo
779 1079 810 1107 et
831 1076 915 1107 Julia
938 1076 971 1107 C.
994 1075 1140 1106 Caesaris
1163 1084 1267 1106 sorore
1288 1076 1395 1115 genita
1417 1079 1493 1116 erat,
1525 1086 1594 1107 cum
1616 1076 1734 1119 liberis,‘
1759 1075 1801 1119 in*

204 1126 265 1156 bus
288 1124 491 1165 Octavianus,
502 1125 632 1160 relicta.
676 1125 749 1156 Atia
771 1128 875 1156 autem
898 1135 943 1156 ex·
959 1125 1101 1165 Apolline
1109 1124 1140 1165 ²)
1163 1134 1233 1155 sese
1253 1124 1460 1156 Octavianum
1482 1126 1640 1166 peperisse
1665 1123 1772 1160 assev'

206 1174 318 1205 marito
346 1174 430 1213 quod
457 1174 577 1205 mireris
604 1174 681 1205 nihil
710 1174 897 1205 adversante
925 1174 985 1205 nisi
1014 1173 1093 1205 forte
1121 1177 1240 1205 mortuo
1274 1173 1399 1205 demum
1425 1174 1536 1205 marito
1565 1174 1599 1205 id
1631 1174 1798 1208 alucinat'a‘.v

206 1224 308 1256 Natus
322 1223 362 1254 M.
383 1223 486 1254 Tullio
508 1223 658 1255 Cicerone
681 1227 712 1255 et
734 1224 769 1254 L.
792 1223 927 1254 Antonio
949 1222 1093 1263 Hybrida
1115 1207 1294 1254 consulibus
1316 1223 1523 1264 Octavianus,
1547 1233 1641 1263 quum
1661 1227 1791 1266 patrem
1799 1229 1895 1271 φιβ

207 1273 325 1304 drimus
348 1273 516 1313 amisisset,
539 1273 579 1304 ab
602 1273 676 1304 Atia
698 1276 797 1304 matre
820 1277 851 1304 et
872 1273 1025 1313 Philippo,
1049 1273 1098 1303 cui
1120 1275 1231 1313 postea
1253 1276 1411 1313 nupserat,
1434 1272 1585 1304 educatus
1607 1276 1664 1305 est.
1700 1274 1788 1310 Eum
1801 1271 1885 1315 Qe-

160 1324 163 1326 “
208 1332 268 1362 sar,
292 1322 367 1361 quia
388 1322 553 1362 progenies
576 1322 636 1353 sibi
658 1332 720 1352 non
742 1325 819 1361 erat,
842 1322 978 1352 maxime
1000 1321 1161 1361 diligebat,
1190 1324 1221 1352 et
1235 1323 1384 1360 Juvenem
1407 1322 1620 1362 duodeviginti
1641 1333 1740 1354 annos
1760 1321 1904 1367 natalia,

207 1375 373 1414 postquam
400 1371 620 1413 Hispaniensis
648 1371 779 1403 militiae
807 1371 950 1403 comitem
978 1370 1102 1412 habuit,
1139 1370 1225 1402 finito
1254 1380 1291 1402 eo
1318 1371 1400 1402 bello
1428 1371 1624 1412 Apolloniam
1644 1371 1769 1405 ,Ionium
1793 1372 1911 1417 nigre·

208 1422 407 1461 adiacentem
429 1422 1894 1455 misit.

290 1470 339 1502 Ibi
356 1470 483 1510 juvenis
505 1480 567 1501 non
590 1471 689 1501 solum
712 1470 753 1501 ad
776 1470 883 1501 literas
906 1470 1120 1509 incumbebat,
1152 1479 1259 1500 verum
1281 1469 1376 1500 etiam
1398 1470 1536 1509 equitum
1558 1480 1597 1501 ex
1618 1470 1804 1503 Macedonia
1894 1463 1903 1468 ”

207 1521 293 1552 vices
315 1520 479 1551 missorum
501 1520 776 1551 exercitationibus
798 1520 962 1560 intererat,
991 1529 1122 1558 eumque
1145 1528 1206 1550 non
1228 1519 1320 1550 modo
1341 1519 1506 1560 praefecti,
1530 1519 1586 1551 sed
1607 1520 1703 1552 etiam
1722 1519 1908 1564 logicam

207 1570 323 1601 tribuni
346 1569 431 1600 haud
453 1579 523 1601 raro
545 1570 781 1600 conveniebant
826 1568 903 1605 Quis
926 1569 1008 1600 enim
1030 1578 1091 1599 non
1114 1568 1294 1599 avidissime
1316 1569 1485 1607 quaesierit
1500 1571 1568 1609 ejus
1582 1570 1726 1610 gratiam,
1747 1570 1802 1611 qui
1849 1565 1875 1611 J‘

207 1620 240 1650 in
262 1619 417 1660 Hispania
439 1619 589 1659 magister
611 1619 749 1658 equitum
772 1618 955 1649 honorarius
978 1618 1095 1658 fuerat,
1130 1622 1161 1648 et
1189 1628 1310 1649 summa
1332 1618 1416 1659 apud
1437 1618 1605 1650 Caesarem
1626 1619 1739 1659 gratia·
1750 1615 1882 1657 florebit

206 1672 315 1710 utpote
338 1671 500 1709 cognatus.
544 1669 594 1699 Ita
617 1668 733 1699 factum
757 1671 813 1708 est,
836 1671 870 1698 ut
892 1668 1042 1698 militibus
1065 1677 1133 1698 cum
1156 1668 1283 1708 Illyriae
1305 1671 1369 1698 tum
1383 1668 1587 1700 Macedoniae
1609 1677 1776 1709 eorumque

206 1719 265 1750 bus
287 1720 379 1749 notus
402 1721 433 1749 et
454 1721 602 1759 percarus
625 1717 721 1749 fieret.
767 1717 911 1757 Quinque
933 1717 1092 1749 mensibus
1114 1717 1159 1748 ita
1180 1717 1403 1758 praeterlapsis
1419 1717 1587 1749 Caesarem
1607 1719 1726 1750 Romae

206 1772 272 1799 tum
295 1777 366 1799 esse
388 1767 553 1808 comperit,
583 1777 682 1807 eoque
704 1767 812 1798 nuntio
834 1768 944 1798 mirum
967 1770 1158 1808 quantopere
1181 1766 1432 1807 conflictabatur,
1460 1767 1643 1808 praesertim
1664 1767 1739 1808 quia
1755 1767 1768 1775 ⁸
1800 1802 1801 1805 Ἴ

207 1818 277 1856 bat,
312 1826 365 1848 cur
393 1820 424 1847 et
453 1827 471 1847 a
500 1817 612 1856 quibus
641 1817 743 1848 scelus
773 1817 970 1848 commissum
998 1819 1091 1848 esset.
1146 1817 1310 1847 Dubitanti
1338 1816 1446 1856 igitur,
1477 1816 1704 1857 an'proximas
1730 1811 1871 1858 le‘gii'mes

207 1875 340 1906 quarum
362 1866 477 1897 tribuni
500 1866 635 1896 maxime
657 1865 797 1906 Agrippa
819 1865 872 1906 (cf.
896 1866 1006 1905 Vellej.
1029 1866 1212 1896 Paterculus
1234 1866 1274 1895 Π.
1304 1875 1329 1895 c.
1353 1859 1392 1895 59
1415 1865 1496 1906 sqq.)
1519 1862 1794 1907 auxilium-ipsin—

279 2040 302 2071 1)
320 2038 372 2064 Cic.
392 2039 478 2072 epistt.
497 2038 531 2064 ad
549 2037 580 2069 Q.
600 2038 705 2063 fratrem
724 2039 743 2064 1.
765 2040 785 2069 1,
805 2040 833 2065 7:
864 2038 929 2069 „His
954 2039 1031 2064 rebus
1050 2039 1208 2072 (constantia
1227 2042 1252 2064 et
1270 2030 1410 2072 gra'vitate,
1432 2038 1554 2063 facilitate
1573 2037 1599 2063 iu
1616 2037 1746 2073 audiendo

207 2082 232 2106 in
257 2080 435 2111 decernendo,
463 2081 488 2105 in
512 2080 696 2105 satisfaciendo
720 2089 750 2105 ac
773 2080 929 2115 disputando
956 2080 1099 2115 diligentia)
1125 2089 1208 2114 nuper
1226 2079 1254 2106 C.
1274 2079 1397 2105 Octavius
1412 2079 1616 2113 jucundissimus
1635 2079 1696 2111 fuit,

208 2123 306 2156 primus
326 2123 401 2147 lictor
419 2122 523 2155 quievit,
542 2122 623 2147 tacuit
641 2130 780 2156 aceensus;
799 2123 901 2156 quoties
921 2122 1031 2155 quisque
1049 2122 1138 2153 voluit,
1156 2122 1230 2152 dixit,
1248 2127 1272 2148 et
1291 2130 1367 2156 quam
1386 2121 1467 2152 voluit
1484 2121 1536 2146 diu.
1571 2120 1670 2152 Quibus
1688 2121 1696 2147 i

207 2168 279 2189 tasse
297 2164 373 2189 nimis
386 2163 452 2188 lenis
471 2163 609 2193 videretur,
627 2159 677 2188 nisi
696 2163 759 2188 haec
776 2163 868 2188 lenitas
888 2163 957 2188 iilam
976 2164 1139 2188 severitatem
1157 2168 1281 2189 tueretur.
1317 2163 1484 2196 Cogebantur
1501 2161 1601 2187 Susiani
1618 2163 1691 2197 hom2

207 2205 259 2230 vim
278 2209 304 2230 et
321 2209 417 2230 metum
435 2205 608 2235 abstulerant,
632 2204 754 2235 reddere,
773 2205 815 2238 qui
835 2205 859 2229 in
878 2205 1071 2238 magistratibus
1090 2205 1214 2238 injuriose
1233 2205 1413 2234 decreverant,
1436 2203 1528 2228 eodem
1545 2203 1609 2237 ipsis
1627 2204 1700 2238 priva

206 2247 364 2281 parendum3
382 2247 445 2272 baec
464 2246 532 2272 illius
551 2246 677 2275 severitas
696 2246 788 2271 acerba
806 2245 944 2276 videretur,
963 2245 1013 2271 nisi
1031 2246 1117 2272 multis
1135 2244 1306 2272 condimentis
1325 2244 1490 2271 humanitatis
1508 2244 1676 2280 mitigaretur.

273 2289 299 2320 ἱ)
319 2287 525 2322 Stigmatit'erum
555 2287 636 2313 fiiisse
667 2287 835 2313 Octavianum
863 2287 942 2312 tradit
965 2287 1036 2313 Suet.
1056 2287 1112 2313 Oet.
1137 2297 1158 2314 c.
1177 2290 1222 2316 80:
1254 2288 1371 2322 Corpore
1389 2286 1500 2311 traditur
1517 2287 1662 2319 maculoso,
1694 2300 1698 2308 ι

206 2334 297 2364 pectus
316 2334 394 2363 atque
412 2329 497 2355 alvum
515 2329 635 2363 genitivis
654 2330 723 2354 notis
742 2330 767 2354 in
785 2329 890 2354 modum
908 2332 934 2354 et
952 2328 1068 2355 ordinem
1086 2338 1116 2356 ac
1134 2338 1268 2356 numerum
1286 2329 1421 2356 stellarum
1440 2327 1561 2354 coelestis
1578 2325 1670 2356 UrSae‘.
1686 2359 1696 2362 ,.
