2073 2610
640 193 850 241 efflue
868 179 1137 228 ‘ammonendum
1156 193 1265 235 pepuli
1272 158 1485 235 adimerem,
1512 181 1745 239 autum

365 345 530 390 appetens,
553 342 752 381 quantumvis
772 342 846 373 licet
866 341 1087 382 dissimularet,
1108 340 1289 372 bellandum
1310 350 1380 372 esse
1394 344 1488 373 -ratus
1509 350 1604 386 quum
1617 337 1840 377 militianm-

386 396 439 430 ..ᾖ
438 416 460 434 ,
486 397 569 432 qnae
590 391 724 432 injuriae
745 391 806 423 sibi
827 391 1023 433 inferrentur,
1050 390 1248 432 exposuisset
1269 393 1300 422 et
1321 390 1392 431 illis,
1419 400 1459 423 ne
1486 393 1647 432 pateretur
1666 391 1835 426 cohortaris

379 433 505 478 transiit
520 443 643 481 jactam
665 451 735 472 esse
762 442 865 473 aleam
886 430 1076 478 exclamans.
1118 441 1155 471 In
1181 440 1275 473 Italia
1302 441 1444 472 omnibus
1471 441 1731 483 Pompejanorum
1756 442 1835 475 mili-

421 490 563 522 celeriter
589 490 766 531 suppressis
788 490 907 521 Caesar
933 490 966 521 in
986 490 1094 521 urbem
1115 493 1199 521 metu
1220 499 1321 530 paene
1342 499 1475 521 vacuam
1499 490 1660 535 ingressus
1680 491 1835 523 aerarium

402 540 445 581 ‘,-
459 541 617 572 consulem
644 549 679 571 se
706 539 793 571 fecit
807 543 839 571 et
863 540 1044 580 priusquam
1070 540 1102 570 in
1124 539 1289 570 Graeciam
1310 539 1468 579 trajiceret
1489 540 1671 581 Pompejum
1692 550 1834 581 prosecu-

287 587 434 629 Q,
454 598 546 629 quem
560 589 672 620 Italiae
687 587 813 631 Siciliae
827 588 991 619 Sardiniae
1005 583 1209 629 praefecerat,
1231 588 1338 619 relicto
1359 588 1531 629 Hispanias
1551 589 1651 632 petiit,
1673 590 1727 620 ubi
1748 599 1834 621 exer·

319 638 413 670 uibus
430 634 587 685 Afranius
615 640 646 668 et
672 638 816 677 Petrejus
843 638 940 678 legati
965 637 1150 678 Pompejani
1176 640 1342 678 praeerant
1375 637 1514 677 superati
1541 647 1612 669 sese
1639 638 1834 684 dediderunt.

336 683 454 723 deinde
475 686 554 718 man
575 681 734 720 Adriatico
756 687 876 718 Caesar
897 686 939 717 ad
949 686 1188 727 Dyrrhachium
1211 689 1375 727 superatus
1397 687 1596 718 Thessaliam
1622 687 1747 728 petivit,
1778 687 1834 719 ibi-

231 729 287 779 ffb
303 740 428 777 eampo
433 736 616 767 Pharsalico
639 735 829 767 debellatum
851 738 908 766 est.
951 736 1119 775 Pompejus
1134 735 1243 766 accitis
1258 735 1433 774 legionibus
1447 736 1674 775 transmarinis,
1696 736 1834 776 peditum

222 778 226 783 ⁵
277 800 302 813 ιιι
319 794 372 817 ue
404 776 530 817 auxiliis
560 793 730 840 regumque
762 787 794 815 et
824 784 1048 815 tetrarcharum
1075 784 1307 823 civitatiumque
1336 784 1433 824 copiis
1466 785 1634 815 exercitum
1659 784 1836 817 confecerat

276 832 303 863 ι.ἰ
332 833 542 875 quadraginta
564 833 699 873 quinque
720 833 848 873 milium,
871 833 1009 872 equitum
1031 835 1149 876 septem
1171 831 1304 873 milium,
1333 835 1423 873 quus
1445 837 1550 864 tamen
1570 835 1672 874 maj0r
1691 832 1764 874 'pars
1785 834 1837 866 vel

275 877 429 916 xemitata
450 883 500 914 vel
521 885 630 924 utp'ote
651 883 770 918 Asiana
791 882 956 914 immbellis
978 885 1055 922 erat,
1077 882 1223 913 Caesaris
1246 886 1352 913 contra
1374 882 1488 913 milites
1502 892 1564 913 non
1579 883 1712 923 amplius
1726 883 1837 923 viginti

165 959 212 973 „Q
257 932 345 965 milia
365 932 515 973 peditum,
536 932 621 962 mille
643 932 763 971 equites
785 932 920 962 maxime
942 932 1098 971 Germani,
1121 941 1300 970 quanquam
1321 941 1446 962 numero
1468 931 1629 965 inferiores
1651 924 1836 969 tamen⁴for-

162 975 306 1022 &tudine
326 984 364 1022 et
389 981 436 1012 rei
462 981 594 1012 bellicae
621 981 712 1021 periti
738 981 952 1021 praestabant.
999 981 1168 1021 Pompeius
1194 980 1322 1021 perinde
1350 984 1445 1019 atque
1466 980 1584 1011 Caesar
1604 981 1760 1012 lacessere
1781 981 1837 1012 ali-

310 1051 313 1058 1
318 1028 584 1070 cunctabantur,
616 1029 733 1069 quoad
741 1030 883 1071 Pompeji
905 1030 994 1070 signo
1016 1029 1091 1061 dato
1113 1029 1337 1070 confligeretur.
1379 1030 1411 1060 Is
1439 1033 1558 1075 autem,
1590 1033 1707 1070 quanto
1734 1030 1836 1062 miuus

284 1083 382 1120 verat,
404 1080 478 1119 quin
502 1079 641 1119 superior
655 1079 849 1110 discessurus
872 1082 965 1119 esset,
988 1082 1075 1109 tanto
1097 1079 1197 1118 magis
1219 1082 1435 1110 consternatus
1458 1083 1515 1118 est,
1538 1089 1631 1127 quum
1653 1080 1838 1120 equites,in

305 1137 456 1169 magnam
478 1138 569 1169 spem
586 1128 734 1159 victoriae
755 1124 910 1169 posuerat,
933 1128 1040 1159 effusis
1062 1128 1193 1159 habenis
1215 1128 1247 1159 ιιι
1269 1131 1373 1159 castra
1396 1138 1430 1159 se
1451 1128 1655 1169 proripientes
1677 1129 1836 1169 conspica

277 1177 507 1219 „peditumque
533 1187 680 1217 magnam
706 1180 827 1221 partem
854 1177 964 1208 eodem
996 1177 1189 1217 compulsam
1221 1177 1417 1217 intelligeret.
1471 1179 1519 1209 De
1551 1188 1698 1234 prospero
1729 1176 1838 1219 proelii

164 1229 304 1277 W
309 1227 434 1259 omnino
451 1229 521 1267 Jam
542 1227 713 1267 desperans
735 1227 767 1257 in
788 1227 961 1267 Egyptum
966 1226 1113 1265 confugit.
1160 1223 1420 1267 Pompejanorum
1447 1227 1569 1267 viginti
1584 1227 1720 1267 quinque
1741 1228 1837 1268 milia,

160 1262 436 1321 manorum
457 1276 541 1308 mille
563 1276 689 1307 ducenti
710 1275 862 1307 cecidisse
882 1276 1091 1316 perhibentur.
1134 1275 1227 1307 Cives
1241 1279 1359 1316 captos,
1382 1277 1495 1315 quibus
1509 1277 1596 1332 parci
1605 1278 1746 1316 jusserat
1760 1277 1836 1309 Cae-

164 1333 249 1366 *ἢ
272 1325 367 1357 venia
388 1325 464 1357 data
486 1335 542 1356 suo
565 1325 713 1356 exercitui
734 1325 887 1365 adiunxit,
920 1335 959 1356 ex
981 1325 1202 1361 consularibus
1217 1328 1249 1356 et
1271 1326 1442 1365 equitibus,
1476 1326 1529 1365 qui
1545 1327 1615 1365 Jam
1637 1330 1710 1357 ante
1731 1330 1838 1357 contra

160 1367 279 1422 Qum
301 1375 389 1406 arma
410 1377 590 1415 gesserant,
619 1374 783 1406 nonnullos
805 1373 1011 1410 familiaribus
1033 1373 1272 1414 deprecantibus
1294 1374 1496 1415 condonavit,
1525 1375 1603 1406 alios
1625 1375 1754 1406 interfici
1770 1377 1837 1415 jus-

173 1427 178 1431 *
210 1419 350 1465 ‘7⁷,3'5neque
370 1427 460 1457 tanta
482 1427 550 1455 erat
572 1423 718 1455 Caesaris
740 1424 914 1463 clementia,
932 1427 1088 1463 quantam
1108 1424 1248 1463 Vellejus
1270 1424 1492 1465 Paterculus¹)
1514 1435 1584 1455 eam
1605 1425 1773 1465 praedicat.

204 1510 207 1512 q
243 1472 428 1515 {Pompeius
455 1482 634 1513 quanquam
660 1482 730 1503 cum
758 1473 828 1504 aliis
856 1473 932 1503 locis
960 1476 1024 1503 tum
1051 1473 1186 1504 maxime
1213 1473 1245 1503 in
1266 1473 1374 1504 Africa
1402 1474 1555 1505 exercitus
1583 1478 1613 1504 et
1640 1474 1750 1505 classis
1777 1474 1837 1505 sibi

252 1526 282 1565 t,
306 1523 465 1566 Egyptum
491 1522 595 1564 petiit,
618 1524 649 1554 et
670 1531 765 1563 prope
786 1522 955 1561 Pelusium,
977 1522 1030 1553 ubi
1053 1521 1210 1554 decimum
1227 1523 1352 1554 tertium
1367 1533 1481 1555 annum
1496 1533 1594 1563 agens
1615 1533 1670 1555 rex
1691 1526 1721 1555 et
1743 1523 1839 1555 frater

160 1547 286 1612 m
307 1573 430 1605 exulem
452 1573 651 1613 Cleopatram
672 1581 807 1611 sororem
829 1572 1011 1603 exercitum
1023 1572 1241 1612 constituerat,
1274 1572 1424 1604 advectus
1458 1583 1514 1614 per
1546 1573 1662 1604 amicos
1696 1583 1766 1604 eum
1798 1573 1838 1605 de

218 1615 316 1666 [ptum
337 1631 394 1654 suo
416 1622 578 1653 certiorem
599 1621 681 1652 fecit.
724 1621 842 1661 Inscio,
872 1624 916 1651 ut-
932 1621 1071 1651 nonnulli
1098 1624 1241 1661 narrant,
1276 1631 1349 1661 rege
1371 1622 1510 1653 Achillas
1532 1623 1662 1653 militum
1683 1622 1746 1652 dux
1769 1632 1840 1653 cum

254 1670 256 1672 ’
277 1681 315 1706 o
323 1671 465 1704 eunucho
482 1672 576 1711 atque
593 1670 707 1702 aerarii
726 1670 884 1712 praefecto
907 1670 1059 1701 Theodoti
1081 1670 1222 1710 magistri
1243 1671 1326 1711 regis
1349 1672 1509 1703 consilium
1531 1671 1735 1703 interficiendi
1751 1672 1840 1704 Pom—

269 1721 506 1761 comprobantes
534 1719 717 1762 Septimium
742 1720 817 1750 olim
843 1720 972 1750 militem
999 1721 1068 1759 ejus
1095 1729 1176 1750 nunc
1203 1721 1398 1759 transfugam
1425 1731 1494 1751 cum
1523 1721 1710 1759 quibusdam
1741 1722 1840 1753 servis

280 1784 294 1796 ιι
319 1769 474 1801 miserunt
496 1765 666 1800 salutatum
687 1769 769 1809 regis
790 1769 913 1800 nomine
935 1771 1029 1807 atque
1049 1768 1222 1808 invitatum,
1245 1772 1288 1809 ut,
1311 1770 1383 1809 quia
1404 1770 1540 1801 tenuitas
1561 1771 1713 1810 majorem
1728 1780 1841 1801 navem

761 1834 775 1845 ο

278 1862 281 1864 ,
309 1875 337 1892 ιι·
343 1867 392 1893 111.
407 1875 433 1900 p.
451 1867 509 1892 347.
543 1866 597 1891 Fur
615 1866 656 1891 die
669 1866 887 1901 Verhnndlungen
898 1867 944 1891 mit
960 1867 1018 1892 dem
1037 1867 1117 1895 Senat
1134 1874 1188 1891 war
1206 1876 1234 1892 es
1253 1867 1350 1892 Caesar
1367 1867 1503 1901 gelungen,
1522 1876 1569 1892 vor
1580 1868 1665 1893 Allem
1684 1868 1734 1893 den
1747 1867 1842 1893 vonu-

286 1902 381 1943 stus-
393 1907 472 1934 curio
485 1916 526 1933 -zu
548 1907 682 1937 erkausem
710 1907 921 1933 wahrscheinlich
943 1908 990 1933 das
1009 1908 1176 1933 eminenteste
1199 1912 1274 1933 unter
1296 1908 1345 1933 den
1363 1909 1445 1934 vielen
1464 1908 1626 1934 liederlichen
1644 1908 1740 1935 Genies
1757 1909 1844 1934 dieser

276 1959 299 1982 ς
324 1949 518 1977 unilbertroffen
536 1957 568 1975 an
585 1949 738 1978 vornehmet
754 1948 881 1983 Eleganz,
899 1958 932 1974 an
949 1949 1101 1975 fliessender
1117 1950 1169 1975 und
1187 1950 1353 1984 geistreicher
1371 1950 1454 1981 Rede,
1472 1959 1504 1975 an
1522 1950 1774 1985 Intriguengeschick
1791 1950 1844 1976 und

286 2005 295 2014 ⁴
312 1991 470 2025 ,Thstkram
487 1991 584 2017 welche
601 1991 642 2016 bei
660 1990 795 2037 energisch
812 1991 965 2024 angelegten
982 1991 1045 2016 aber
1061 1991 1229 2016 verlotterten
1247 1991 1421 2016 Charakteren
1440 1993 1464 2016 in
1482 1992 1532 2017 den
1550 1992 1652 2017 Pausen
1670 1992 1717 2017 des
1729 1992 1846 2027 Mi‘issig-

280 2041 331 2060 nur
347 2041 390 2059 um
406 2041 451 2059 eo
456 2033 597 2067 machtiger
614 2032 668 2058 sich
686 2019 760 2072 regi-‚l
778 2032 840 2057 uber
856 2032 921 2057 auch
938 2032 1134 2057 unfibertroffen
1152 2033 1177 2057 in
1196 2035 1292 2057 wsnster
1309 2033 1489 2063 Wirthschast,
1515 2034 1548 2058 im
1566 2033 1767 2067 Borgtalent—
1786 2042 1845 2059 man

327 2083 361 2101 ue
379 2067 509 2101 Schnlden
527 2074 575 2100 suf
587 2077 603 2101 4
621 2073 685 2099 Min.
704 2073 800 2099 Thaler
818 2082 861 2099 an.

333 2282 337 2284 ’
348 2258 603 2347 tila-duanedingten
611 2280 702 2307 Gnade
720 2289 806 2307 waren
824 2281 926 2311 ναι-δεῖς
932 2281 981 2315 je
1004 2281 1094 2315 linger
1117 2290 1145 2307 er
1162 2282 1273 2313 wahrte,
1296 2283 1371 2308 desto
1389 2282 1603 2308 rficksichtsloser
1618 2282 1671 2313 und
1689 2282 1847 2308 unversohn·

405 2329 446 2357 uer
486 2322 669 2357 urgerkrieg.

631 250 677 273 ιο
692 233 887 274 &aaron
908 245 941 276 et
961 242 1117 275 exoratus
1135 241 1334 279 dimitterem.
1376 242 1467 279 Quae
1493 242 1631 283 omnino
1650 244 1837 286 qua-qq„

441 307 454 320 -x
468 321 474 323 .
489 288 619 332 &atonis
651 291 788 324 maxime
818 292 1004 326 auctoritate
1035 294 1247 333 sperneretur,
1276 291 1397 323 Caesar
1428 291 1648 327 dominationis
1674 293 1726 326 vel
1739 292 1852 332 ffl-
1903 290 1907 293 ’
1949 296 1952 299 ’
