2073 2610
134 0 858 42 ,ffiffffmmwffmqffiwv
870 20 886 27 η»
998 6 1000 10 ’

189 235 341 291 mitteret,
359 260 448 290 quae
464 250 617 281 invidiam
638 250 763 281 omnino
784 260 846 281 non
869 250 1049 281 evitabilem
1070 250 1167 285 etiam
1188 253 1351 289 auxerunt.
1388 205 1610 292 Cleopatram,

190 308 260 332 sam
285 299 352 331 ιιι
346 299 477 332 Urbem
510 299 645 348 accitam
678 298 797 330 Caesar
830 298 913 330 domi
946 307 1024 330 suae
1058 293 1312 340 splendidissime
1342 299 1479 346 hospitio
1510 297 1648 343 excepte

189 348 360 380 honoribus
381 349 593 389 praemiisque
616 352 743 380 auctam
764 348 898 388 remisit,
932 348 1030 384 filium
1058 358 1097 379 ea
1123 351 1233 380 natum
1260 349 1414 389 appellari
1441 346 1502 382 suo'
1525 351 1650 383 nomine
1685 371 1688 378 ,

190 400 226 428 ut
247 397 334 429 fama
355 397 617 438 percrebesoemt,
640 397 844 436 migraturum
865 396 1090 427 Alexandriam
1112 397 1274 428 translatis
1296 397 1392 428 simul
1410 399 1523 439 opibus
1544 399 1675 441 imperii,
1711 413 1717 425 ·.

191 455 252 486 que
279 446 374 478 Italia
401 446 575 478 delentibus
603 449 634 477 et
662 446 879 487 procuratione
907 446 993 476 urbis
1021 445 1130 476 amicis
1159 446 1343 477 commissa-
1378 446 1542 480 Adeuntes
1570 445 1617 481 se'
1630 448 1717 486 cuim

191 495 522 535 honorificentissimis,
546 505 628 535 quae
651 495 900 535 commemoravi,
923 495 1057 526 decretis
1079 495 1242 529 universos
1265 499 1425 539 senatores
1441 493 1556 529 sedens
1570 507 1626 539 pro
1641 500 1754 543 tempv
1816 530 1819 535 ,

193 545 237 576 ris
259 545 398 586 excepit,
427 544 498 576 odio
521 548 570 575 et-
565 545 803 601 contemptione
826 544 1017 575 adulationis
1040 544 1234 585 senatoriae,
1264 544 1291 575 si
1312 544 1388 584 quid
1409 545 1516 587 video,
1536 549 1711 588 permotus.
1749 545 1754 549 ’
1782 540 1801 559 “”

193 594 278 629 latus
306 594 492 634 dignitatem
520 594 616 625 data
625 604 720 634 opera
748 594 780 624 in
809 597 1020 634 contemptum
1048 593 1242 625 adducturus
1270 594 1303 625 in
1330 604 1469 635 menses,
1501 604 1725 651 nonnunquam
1735 596 1783 646 »3¹¹
1820 635 1825 639 .

195 643 407 675 substituebat
428 643 488 673 sibi
511 643 665 682 consules,
688 643 768 673 alios
790 643 993 682 magistratus
1015 646 1123 674 contra
1144 652 1270 674 morem.
1282 644 1327 674 rei
1341 644 1486 683 publicae
1507 644 1540 675 in
1560 645 1667 684 plures
1687 636 1793 692 ann'on

196 693 357 724 stituebat.
400 692 540 732 Accedit,
563 691 647 731 quod
662 702 757 731 quum
772 691 958 732 Lupercalia
974 692 1088 723 festum
1109 691 1255 723 licentiae
1276 692 1379 723 medio
1401 692 1466 723 fere
1479 692 1650 725 Februario
1671 693 1760 742 celeb
1820 732 1825 737 ,
1857 726 1860 729 ,

195 742 316 773 Caesar
338 744 503 781 spectaret,
526 742 681 771 Antonius
704 741 733 772 ei
755 740 904 772 diadema
925 741 1083 780 imponere
1096 740 1123 781 ¹)
1146 744 1277 771 conatus
1299 744 1356 781 est,
1385 751 1487 781 neque
1509 741 1562 773 diu
1583 745 1655 782 post
1675 732 1781 785 111ιῖιοί-

195 790 338 829 rebatur,
371 790 521 828 Parthos,
556 793 664 820 contra
691 799 769 828 quos
797 789 921 820 cladem
949 789 1152 820 Crassianam
1179 790 1300 820 ulturus
1322 790 1441 822 Caesar
1462 790 1701 837 expeditionem
1787 789 1798 800 “’

198 839 374 879 cogitabat,
407 839 469 870 nisi
498 849 518 870 a
546 848 619 878 rege
646 848 708 869 non
736 848 829 879 posse
858 837 1008 878 superari.
1053 833 1110 870 His
1132 838 1226 869 rebus
1249 833 1366 869 factum
1388 841 1452 879 est,
1485 841 1520 870 ut
1541 829 1717 879 sexaginta
1728 839 1794 874 ferd
1822 837 1827 844 ''
1856 835 1863 840 '

199 888 348 920 senatorii
371 892 403 919 et
425 888 578 927 equestris
599 888 733 927 ordinis,
767 897 895 927 quorum
917 887 1077 931 praecipui
1106 887 1229 919 fuerunt
1256 888 1369 919 Brutus
1398 891 1429 919 et
1456 888 1587 920 Cassius
1614 892 1818 934 praetorea‚;
1814 881 1816 884 V

198 937 329 968 Porciae
352 937 481 968 Catonis
505 937 634 976 sororis,
663 937 714 967 hic
735 937 822 967 Bruti
845 937 959 967 sororis
982 938 1096 976 conJux
1118 937 1214 967 stulta
1236 946 1291 976 spe
1314 937 1489 969 servandae
1510 937 1555 968 rei
1575 938 1722 977 publicae
1739 938 1776 981 in'
1795 937 1874 978 Om-

199 996 304 1018 sarem
326 980 536 1026 conjurarent,
560 961 752 1025 caedemque
774 995 835 1017 non
858 995 928 1017 esse
952 985 1156 1016 differendam
1178 986 1238 1017 rati
1260 986 1367 1017 Idibus
1389 986 1509 1018 Martiis
1532 996 1602 1018 eum
1624 988 1713 1020 sexto
1727 979 1779 1021 &et
1781 973 1875 1034 ιῃιηἱ

200 1036 384 1075 quagesimo
401 1035 515 1066 aetatis
530 1045 612 1066 anno
627 1038 778 1074 tanquam
793 1035 884 1066 amici
900 1035 1137 1065 circumstantes
1158 1035 1257 1066 tribus
1279 1038 1311 1066 et
1332 1036 1441 1074 viginti
1462 1031 1641 1067 vulneribus
1661 1027 1874 1081 (ιοιιιῖιιί818ιιῗ-ι

201 1085 252 1115 Ita
280 1087 368 1115 tanto
396 1084 462 1115 viro
490 1094 551 1114 non
579 1084 650 1124 plus
678 1084 815 1123 quinque
837 1084 990 1113 mensium
1017 1077 1198 1123 principalis
1220 1084 1309 1122 quies
1331 1085 1474 1124 contigit,
1505 1094 1600 1123 quum
1621 1085 1758 1117 Octobri
1767 1079 1816 1128 ιιιζμ

200 1133 233 1164 ιιι
254 1132 371 1165 Urbem
393 1133 581 1173 revertisset,
604 1135 636 1164 et
657 1142 764 1164 omnes
788 1142 824 1163 eo
846 1135 985 1173 tempore
1008 1132 1124 1163 decreti
1146 1129 1278 1163 honores
1301 1133 1441 1172 congesti
1464 1136 1536 1164 sunt
1556 1134 1589 1164 in
1604 1134 1778 1186 Caesarcm
1788 1143 1810 1166 v

202 1182 321 1213 infulae
342 1183 374 1212 in
397 1182 588 1213 destinatam
611 1183 701 1212 morti
722 1182 890 1212 victimam.
1264 1206 1266 1209 ,
1879 1219 1883 1222 ⁴

286 1230 474 1271 Quanquam
496 1231 668 1262 Caesarem
689 1240 842 1261 summum
865 1231 960 1261 totius
983 1231 1179 1270 antiquitatis
1206 1231 1422 1271 imperatorem
1451 1235 1482 1272 et
1504 1232 1717 1273 amplissimae
1737 1210 1920 1275 „idm-4.

202 1281 283 1312 bene
305 1281 544 1313 constituendae
566 1290 605 1312 ac
627 1280 838 1311 moderandae
860 1280 1082 1320 peritissimum
1103 1281 1203 1311 virum
1225 1284 1256 1311 et
1277 1283 1402 1321 propter
1423 1281 1554 1313 eximias
1582 1281 1677 1314 animi
1697 1281 1882 1323 ingemimo

202 1328 315 1362 dotes
315 1340 378 1361 non
400 1331 477 1361 satis
499 1339 628 1370 possum
650 1329 808 1368 admirari,
841 1333 955 1369 tamen,
989 1330 1015 1360 si
1037 1330 1068 1360 in
1090 1330 1207 1369 proelio
1230 1333 1314 1360 esset
1335 1330 1440 1361 hostili
1462 1340 1557 1369 manu
1578 1320 1793 1372 ι11881ἰ88888,”’
1796 1329 1877 1373 qil·

202 1380 352 1411 victoriae
375 1381 444 1419 eJus
467 1379 763 1418 quadringentorum
785 1378 904 1409 milium
927 1379 1082 1418 sanguiue
1101 1378 1258 1409 hominum
1281 1382 1440 1419 steterunt,
1468 1379 1570 1411 minus
1592 1379 1741 1421 doleam,
1758 1373 1877 1416 soffl-

202 1438 263 1468 que
284 1429 405 1468 aliquid
428 1432 491 1467 est,
514 1428 598 1467 quod
615 1430 750 1467 JamJam
771 1428 893 1458 infirma
915 1438 991 1459 usus
1012 1428 1193 1459 valetudine
1216 1428 1353 1459 subitam
1374 1432 1503 1460 mortem
1525 1429 1751 1485 praeoptabat,
1764 1421 1877 1472 Q
1901 1467 1916 1470 M

201 1487 275 1508 vero
297 1487 442 1517 veneror,
472 1477 556 1516 quod
578 1480 658 1508 teste
681 1477 830 1507 Suetonio
852 1487 878 1507 c.
901 1477 941 1506 89
968 1486 1075 1507 onmes
1098 1479 1167 1516 ejus
1188 1486 1388 1533 percussores
1410 1487 1448 1507 ac
1470 1478 1598 1509 sicarios
1619 1478 1652 1508 in
1672 1476 1782 1520 primis

202 1530 267 1558 tum
291 1530 322 1558 et
344 1527 488 1558 Cassium
511 1530 688 1567 praetores,
720 1535 850 1565 quorum
879 1526 1000 1565 utrique
1023 1526 1142 1557 Caesar
1169 1526 1373 1558 maximorum
1394 1526 1613 1558 beneficiorum
1635 1529 1743 1560 auctor

201 1574 370 1616 promerita
391 1586 494 1617 poena
517 1579 717 1607 consecutum
740 1578 797 1606 est.
842 1575 922 1605 Prae
939 1575 1050 1606 ceteris
1072 1575 1243 1607 Mommsen
1265 1575 1305 1606 de
1328 1576 1465 1609 Caesare
1486 1576 1638 1616 legendus
1660 1579 1718 1617 est,
1734 1586 1761 1616 q

202 1626 305 1666 gulari
327 1629 394 1657 arte
419 1626 438 1656 l.
462 1626 481 1656 1.
505 1626 560 1656 ΙΙΙ.
584 1635 610 1656 c.
633 1625 688 1655 XI.
712 1635 741 1665 p.
764 1624 825 1655 442
848 1633 915 1664 sqq.
939 1634 1009 1655 eum
1032 1624 1182 1667 depinxit,
1205 1626 1296 1665 quus
1317 1628 1422 1656 tamen
1443 1625 1501 1656 viri
1523 1625 1563 1657 de
1583 1625 1763 1667 historia'j',

202 1675 392 1710 meritissimi
414 1675 536 1714 verbis,
564 1684 646 1713 quae
668 1674 728 1705 huc
750 1674 905 1714 pertinent
927 1673 1134 1705 rescribendis
1158 1674 1294 1715 spatium
1315 1674 1420 1705 obstat
1441 1674 1661 1715 programmati
1682 1672 1770 1706 con'
1822 1677 1836 1718 ᾗ·
1854 1693 1856 1700 =

286 1724 372 1755 Nece
394 1724 542 1755 Caesaris
564 1726 691 1764 patrata
713 1732 821 1753 omnes
843 1732 861 1753 e
883 1723 970 1753 curia
994 1722 1135 1763 fugiunt,
1169 1726 1319 1762 tantaque
1347 1726 1423 1761 tota
1440 1724 1524 1755 Urbe
1551 1727 1582 1755 et
1609 1717 1818 1777 consterni-isto

202 1776 305 1804 metus
328 1773 412 1804 cives
435 1773 567 1812 invasit,
595 1776 630 1804 ut
652 1772 760 1803 domos
783 1771 979 1811 clauderent,
1008 1782 1109 1811 neque
1131 1782 1192 1803 non
1215 1772 1367 1805 Antonius
1390 1773 1497 1804 consul
1519 1776 1670 1813 metuens,
1692 1781 1734 1804 88
1754 1772 1772 1806 ὁ

202 1832 223 1854 a
245 1822 416 1862 conjuratis
438 1821 678 1861 interficeretur,
712 1821 744 1851 id
773 1821 856 1860 quod
879 1821 1009 1851 Cassius
1038 1825 1255 1861 proposuerat,
1287 1822 1401 1852 Brutus
1423 1831 1484 1852 non
1507 1824 1719 1862 concesserat,
1736 1816 1772 1852 d

203 1881 293 1903 suam
327 1870 432 1902 claudi
459 1872 610 1910 Jusserat.
663 1870 814 1901 Lentulus
842 1869 991 1909 magister
1017 1870 1155 1909 equitum
1183 1870 1337 1910 legionem
1364 1870 1395 1901 in
1423 1880 1567 1911 campum
1588 1870 1747 1903 Martium

196 1923 292 1961 jussa
314 1920 450 1951 consulis
472 1923 669 1960 exspectans,
691 1920 748 1950 sed
761 1919 894 1950 -frustra
939 1919 1058 1959 Corpus
1074 1920 1230 1959 Caesaris,
1253 1920 1336 1958 quod
1357 1920 1389 1950 in
1411 1920 1548 1951 Tiberim
1569 1913 1683 1960 conjici
1704 1921 1773 1960 conj

201 2077 259 2102 srsih
278 2085 328 2102 von
347 2077 432 2102 seiner
449 2084 560 2110 grossen
578 2075 714 2101 Laufbahn
732 2075 812 2100 durch
830 2075 870 2099 die
890 2075 1110 2100 νειιᾶιιιειιειοιιειι
1128 2075 1219 2100 Ηῑιιιάε
1238 2075 1387 2109 unsinniger
1404 2075 1567 2100 Schwarmer
1583 2075 1709 2109 gerissen.

200 2110 271 2144 nicht
289 2118 331 2143 ffir
354 2117 401 2143 das
419 2117 620 2142 unermessliche
643 2116 722 2142 Reich
745 2117 785 2141 ein
804 2116 886 2141 Gluck
910 2124 1145 2150 gewese11‚wenn
1168 2125 1196 2142 es
1220 2116 1301 2142 Casas
1324 2125 1370 2141 zur
1387 2116 1517 2142 erblichen
1540 2115 1691 2142 Monarchie
1739 2130 1740 2139 l

200 2160 243 2185 fen
261 2159 366 2184 ὶιῖιῑιιιῖ)6
386 2174 417 2178 -

274 2202 296 2233 ¹)
315 2200 406 2226 Cicero
426 2200 569 2234 Philippica
587 2200 619 2230 ΙΙ,
638 2201 670 2227 34
694 2208 747 2225 rem
771 2199 898 2224 malitiose
923 2202 1010 2224 narrat
1033 2198 1163 2229 „Sedebat
1186 2199 1211 2225 in
1230 2188 1332 2225 Rostris
1351 2199 1451 2234 collega
1468 2203 1528 2225 tuus
1547 2177 1668 2232 (Caesar)
1685 2192 1820 2233 umidius

203 2250 342 2276 purpurea,
369 2242 393 2267 in
412 2242 476 2267 sella
493 2250 580 2272 aurea,
598 2246 751 2271 coronatus;
778 2240 911 2271 ascendis,
929 2240 1030 2265 accedis
1048 2240 1081 2265 ad
1099 2240 1196 2272 sellam,
1215 2240 1333 2266 diadema
1351 2240 1475 2271 ostendis,
1493 2241 1603 2275 gemitus
1622 2244 1678 2267 toto

199 2283 336 2309 diadema?
358 2291 410 2308 non
423 2283 490 2308 enim
502 2283 631 2317 abjectum
650 2282 803 2312 sustuleras,
821 2277 868 2307 sed
886 2281 1010 2307 attuleras
1029 2281 1106 2306 domo
1125 2282 1275 2307 meditatum
1293 2286 1319 2307 et
1337 2282 1477 2315 cogitatum
1495 2278 1592 2318 scelus:
1609 2287 1639 2308 tu
1656 2282 1681 2309 di
1706 2301 1708 2303 v

200 2326 280 2351 nebas
298 2333 357 2350 cum
375 2324 500 2359 plangore
518 2325 615 2359 populi,
634 2324 676 2350 ille
695 2332 752 2349 cum
771 2323 863 2358 plausu
881 2322 1020 2357 rejiciebat.
