2073 2610
993 140 1082 168 XIIII

200 237 280 260 uxor
300 228 378 259 nihil
399 228 550 260 muliebre
578 230 705 269 praeter
732 237 844 268 corpus
865 236 988 268 gerens,
1015 213 1105 258 tanto
1127 227 1232 268 magis
1251 215 1358 261 autem
1376 210 1548 271 imperiosa
1568 200 1607 262 et
1630 234 1663 258 ι
1775 248 1777 255 ,

203 280 235 310 in
257 278 349 310 Italio
370 281 581 318 remanserat,
614 277 793 309 auctoritati
815 278 1010 318 obtrectans,
1043 276 1118 317 quin
1145 277 1241 309 etiam
1268 277 1497 319 imperatricem
1523 288 1562 312 eo
1588 288 1700 320 usque
1704 275 1823 326 agap,

202 327 290 359 haud
311 336 381 358 raro
401 327 509 367 gladio
533 328 637 358 cincta
658 329 811 358 tesseram
833 327 985 358 militibus
1006 326 1110 367 daret,
1143 327 1176 357 in
1203 336 1371 367 eorumque
1397 329 1546 361 concione
1572 328 1706 370 «ibent,
1716 350 1728 359 ⁷-
1745 342 1758 356 ι

203 377 324 408 artibus
345 376 506 416 utebatur,
539 379 573 408 ut
594 376 630 407 L.
652 377 837 415 Antonium,
870 376 923 415 qui
946 379 1012 407 tum
1033 376 1152 407 Romae
1173 376 1282 408 consul
1304 379 1386 417 erat,
1415 377 1458 409 ad
1479 378 1594 410 bellum
1616 388 1686 412 eum

204 426 376 466 gerendum
397 425 552 456 incitaret.
596 425 633 456 Id
662 428 830 456 consecuta
858 428 920 465 est,
952 425 1027 464 quia
1049 425 1084 455 L.
1107 425 1260 456 Antonius
1281 425 1355 456 licet
1375 426 1528 458 triumviri
1543 427 1646 459 'ii-ater
1666 436 1736 467 cum
1755 412 1882 486 m

208 475 436 506 triumvirorum
458 474 662 505 dominationi
685 478 750 505 tum
772 474 907 504 maxime
929 473 1103 505 Octaviano
1125 474 1265 506 infensus
1292 477 1368 505 erat.
1411 475 1458 506 Eo
1485 479 1593 508 autem
1618 476 1701 508 bello
1726 462 1788 511 abi
1795 467 1799 470 ⁶

204 524 298 555 viano
320 524 352 554 in
381 523 530 564 oppidum
551 523 714 555 Perusiam
742 523 920 563 compulsus
942 526 1037 562 atque
1059 524 1218 564 obsessus,
1252 523 1326 563 quia
1348 523 1431 555 fame
1451 525 1661 566 premebatur,
1694 523 1885 571 sedfflv

206 573 305 604 Marci
328 573 477 603 triumviri
500 573 621 603 ratione
643 572 753 603 habita
775 572 967 603 Octavianus
989 582 1051 609 non
1073 573 1319 604 solumveniam
1341 572 1437 614 dedit,
1463 583 1572 605 verum
1593 575 1689 606 etiam
1710 573 1886 625 {lupum}

206 631 277 653 eum
304 620 456 662 praefecit
478 620 636 661 adJunctis
659 624 765 652 tamen
787 621 916 661 legatis,
940 621 993 660 qui
1015 621 1316 662 animadvertentes,
1339 622 1502 661 quominus
1522 632 1573 654 res
1595 633 1695 655 novas
1714 623 1891 665 mom

206 670 404 712 impedirent.
447 670 674 702 Crudelitatem
695 670 862 702 Octaviani
885 670 1052 701 Suetonius
1074 680 1100 701 c.
1119 671 1157 701 15
1179 671 1283 702 verbis
1306 671 1456 711 „Perusia
1466 674 1571 712 ,capta
1592 672 1624 703 in
1645 672 1840 713 plui-imma

209 720 390 760 madvertit,
425 730 513 751 orare
541 720 666 752 veniam
693 721 744 751 vel
766 729 917 752 excusare
940 730 974 752 se
997 713 1182 752 conantibus
1205 731 1268 753 una
1289 730 1365 753 voce
1387 730 1534 753 occurens
1557 720 1886 765 ,‚moriendum5oese“

208 770 320 810 Vellej.
343 745 464 801 Pa⁷terc
487 770 527 810 ΙΙ,
550 770 590 800 74
618 779 683 801 rem
704 780 766 801 non
790 769 949 810 diffitetur,
978 770 1035 801 sed
1056 770 1160 801 verbis
1183 770 1235 810 „in
1257 771 1423 802 Perusinos
1445 770 1546 811 magis
1567 771 1615 802 ira
1635 771 1770 806 militum
1789 779 1887 812 qua--

208 819 370 850 voluntate
393 819 546 850 saevitum
569 819 678 849 ducis“
702 822 859 853 extenuat.
903 819 1014 850 Fulvia
1043 819 1166 858 fugiens
1188 819 1329 851 Athenas
1356 820 1390 851 in
1416 820 1555 851 morbum
1576 819 1686 851 incidit
1705 828 1807 860 neque
1823 817 1884 880 ὧι

209 872 281 909 post
303 869 389 900 obiit.

294 918 366 950 Sex.
389 918 573 958 Pompejus,
605 918 646 949 M.
669 918 811 958 Pompeji
832 918 931 958 filius,
964 918 1016 957 qui
1044 919 1163 958 maiore
1190 921 1266 949 natu
1293 918 1388 950 fratre
1408 921 1480 959 post
1500 919 1651 960 proelium
1671 918 1715 950 ad
1735 914 1886 951 Mundam

210 967 374 999 interfecto
397 967 548 1007 fugitivus
571 967 736 998 latrocinia
758 968 789 997 in
811 968 965 1007 Hispania
987 968 1162 1009 exercebat,
1191 976 1263 997 mox
1285 968 1494 1008 compluribus
1515 969 1576 1008 ipsi
1603 968 1770 1008 adiunctis,
1782 966 1892 1009 poutr

210 1027 306 1057 quam
328 1017 471 1058 Pompeji
492 1017 532 1048 M.
557 1016 655 1048 filium
678 1026 711 1048 se
734 1016 941 1056 declarasset,
964 1026 1020 1057 per
1040 1019 1138 1048 totam
1160 1016 1345 1057 Hispaniam
1366 1017 1524 1057 inclaruit,
1554 1020 1585 1048 et
1607 1017 1716 1049 eodem
1737 1020 1885 1058 tempoee,

211 1077 273 1106 quo
294 1067 481 1098 Macedonia
504 1069 536 1097 et
558 1067 650 1106 Syria
672 1067 767 1097 Bruto
789 1070 820 1097 et
843 1066 953 1097 Cassio
976 1066 1120 1097 decretae
1143 1069 1215 1097 sunt
1237 1076 1256 1097 a
1279 1070 1405 1107 senatu,
1438 1068 1491 1106 qui
1519 1077 1618 1107 paene
1644 1069 1727 1099 totus
1755 1077 1775 1099 a
1795 1066 1885 1099 Pom·-

186 1116 336 1157 -peJanis
368 1116 510 1156 partibus
543 1116 666 1155 stabat,
704 1116 775 1146 Sex.
804 1116 953 1155 Pompejo
981 1125 1019 1145 ex
1045 1116 1199 1156 Hispania
1226 1119 1332 1146 revoto
1360 1119 1391 1146 et
1418 1116 1450 1146 in
1476 1119 1607 1156 paterna
1634 1117 1717 1148 bona
1742 1116 1886 1152 restituto

212 1165 309 1196 maris
337 1165 499 1206 imperium
527 1164 680 1205 defertur,
714 1165 882 1204 Siciliaque
910 1164 1027 1205 potitus
1050 1166 1119 1204 Jam
1148 1165 1250 1196 classe
1278 1168 1309 1196 et
1335 1165 1473 1196 exercitu
1499 1165 1623 1196 validus
1651 1164 1887 1197 Sardiniam-et

213 1215 373 1246 Corsicam
405 1217 538 1255 occupat
567 1214 744 1253 Urbemque
777 1214 860 1245 fame
889 1214 1001 1254 premit
1027 1216 1187 1253 totamque
1219 1214 1331 1245 Italiae
1364 1224 1451 1245 oram
1481 1214 1632 1255 infestat,
1659 1217 1695 1247 ut
1724 1214 1887 1256 flagitante
1914 1208 1954 1246 ‘'f“

212 1265 328 1305 populo
351 1264 543 1296 Octavianus
566 1266 597 1295 et
618 1264 772 1295 Antonius
793 1263 903 1304 pacem
926 1273 996 1294 cum
1018 1263 1113 1294 Sexto
1135 1263 1263 1303 inirent,
1296 1273 1358 1303 qua
1385 1263 1494 1295 Sicilia
1521 1267 1553 1295 et
1579 1264 1702 1304 Achaja
1729 1264 1758 1296 ei
1779 1262 1886 1296 conce'-

213 1314 338 1345 duntur.
383 1314 470 1353 Libo,
494 1316 584 1354 cujus
607 1313 671 1344 filia
694 1314 790 1344 Sexto
812 1317 909 1353 nupta
932 1316 1007 1352 erat,
1037 1313 1230 1344 Scriboniam
1253 1323 1388 1344 sororem
1410 1313 1583 1345 Octaviano
1603 1313 1637 1355 in
1658 1313 1887 1346 matrimonium

213 1363 311 1403 dedit,
335 1363 562 1402 Octavianique
585 1373 722 1393 sororem
744 1363 907 1393 Octaviam
930 1372 1010 1401 quae
1033 1363 1179 1393 Marcello
1201 1358 1298 1403 nupta
1320 1362 1436 1402 fuerat,
1464 1365 1535 1403 post
1556 1363 1675 1394 obitum
1702 1364 1771 1403 ejus
1791 1362 1886 1395 Anto-

213 1412 284 1444 nius
306 1413 337 1443 in
359 1412 492 1443 Fulviae
514 1412 616 1443 locum
638 1415 778 1443 mortuae
800 1421 927 1442 uxorem
950 1411 1044 1442 ducit.
1088 1412 1180 1443 Pacis
1202 1408 1244 1443 ad
1264 1412 1410 1443 Puteolos
1428 1411 1528 1443 initae
1550 1412 1743 1444 conditiones
1757 1410 1888 1450 Rumam
1928 1418 1953 1451 ³2-ss

213 1463 377 1494 mittuntur
404 1462 617 1494 asservandae
644 1462 834 1493 Vestalibus.
884 1461 934 1492 Ad
962 1472 1031 1493 eam
1059 1471 1168 1502 pacem
1196 1461 1416 1494 celebrandam
1443 1461 1619 1494 institutum
1645 1461 1819 1494 convivium
1848 1471 1888 1494 eo

214 1513 349 1543 maxime
371 1515 480 1543 notatu
503 1512 632 1552 dignum
654 1515 711 1551 est,
740 1512 829 1551 quia,
859 1511 1001 1550 quamvis
1023 1511 1103 1542 inter
1124 1521 1231 1542 omnes
1254 1512 1407 1543 sinceram
1429 1512 1599 1552 amicitiam
1620 1511 1779 1556 exstitisse
1799 1507 1889 1553 putul·

213 1566 402 1602 res‚›tamen
418 1561 498 1592 adeo
514 1565 661 1602 suspecta
676 1570 714 1591 ea
732 1561 798 1600 fuit,
823 1561 1126 1592 convivae-vestibus
1149 1561 1280 1592 accincti
1301 1563 1407 1592 essent
1421 1561 1616 1602 pugionibus.
1646 1561 1760 1592 Sextus
1775 1560 1897 1594 deinfle'-

213 1612 246 1642 in
269 1611 418 1650 Siciliam,
441 1611 634 1641 Octavianus
657 1613 688 1641 et
709 1610 861 1641 Antonius
884 1611 1013 1641 Romam
1036 1610 1161 1649 abeunt,
1185 1610 1237 1641 ubi
1260 1610 1388 1650 nuptiae
1411 1611 1588 1642 celebratae
1609 1619 1722 1650 magno
1742 1605 1953 1651 populans—'³

213 1659 331 1700 gaudio
347 1660 497 1699 afficiunt,
519 1659 596 1698 quia
611 1659 846 1690 diuturnitatem
861 1659 949 1699 pacis
964 1659 1029 1690 fore
1045 1659 1213 1690 arbitratus
1230 1663 1286 1690 est.
1329 1660 1399 1691 Non
1414 1659 1468 1691 diu
1482 1662 1620 1691 moratus
1634 1659 1678 1690 ibi
1692 1659 1845 1694 Antonius
1857 1662 1895 1691 et

214 1709 256 1740 ad
271 1709 388 1740 bellum
403 1709 581 1740 Parthicum
596 1708 790 1749 profecturus
805 1708 937 1739 Athenis
952 1717 1022 1738 cum
1036 1708 1168 1739 Octavia
1184 1718 1278 1741 uxore
1293 1709 1429 1748 degebat
1440 1709 1580 1765 privatus
1595 1711 1627 1740 et
1641 1708 1739 1740 amori
1753 1707 1888 1750 deditus,

214 1758 478 1798 quemadmodum
500 1758 573 1789 olim
596 1758 782 1798 Cleopatrae
804 1758 836 1788 in
859 1758 983 1797 Egypto
1006 1767 1131 1797 amans,
1165 1758 1212 1789 vir
1233 1762 1351 1789 natura
1366 1758 1490 1798 pronior
1510 1758 1553 1789 ad
1574 1758 1736 1789 mulierum
1756 1759 1888 1791 amores.

298 1807 490 1839 Octavianus
513 1807 609 1839 Sexto
632 1807 776 1838 invidens
798 1807 962 1847 imperium
984 1816 1056 1837 oras
1084 1807 1195 1838 Italiae
1222 1808 1389 1848 praesidiis
1411 1807 1593 1847 communit,
1625 1807 1744 1838 classes
1770 1807 1893 1841 Romae

214 1861 246 1889 et
268 1858 438 1888 Ravennae
461 1857 600 1898 Agrippa
623 1860 749 1888 auctore
771 1856 965 1896 aedificavit,
998 1856 1174 1896 bellumque
1197 1856 1400 1888 dissuadente
1422 1857 1557 1888 Antonio
1579 1859 1670 1897 parat
1690 1855 1803 1897 Sexto,
1830 1865 1856 1897 q

214 1917 394 1947 quanquam
417 1907 583 1946 aliquoties
606 1906 742 1938 secundo
765 1906 863 1938 Marte
885 1906 1046 1946 pugnavit,
1075 1906 1131 1937 sed
1154 1906 1284 1937 victoria
1306 1907 1350 1937 uti
1372 1906 1542 1946 nesciebat,
1571 1906 1611 1937 ab
1633 1905 1781 1947 Agrippa,
1802 1901 1887 1948 post·v

214 1967 309 1996 quam
331 1956 453 1997 pedites
476 1956 560 1988 illius
583 1960 677 1996 atque
700 1956 821 1996 equites
844 1956 885 1987 ad
909 1956 1115 1987 Octavianum
1137 1956 1335 1996 transierunt,
1359 1956 1459 1988 victus
1481 1955 1524 1986 ad
1546 1954 1712 1986 Antoniuni
1734 1955 1829 1996 fugit,

214 2015 346 2045 eumque
368 2006 522 2046 perfidus,
556 2006 629 2045 quia
657 2005 767 2037 eodem
794 2008 933 2053 tempore
961 2005 1056 2036 etiam
1078 2005 1210 2036 Parthos
1233 2006 1358 2037 foedere
1381 2008 1412 2037 et
1434 2005 1584 2037 societate
1609 2004 1669 2035 sibi
1689 2014 1745 2045 per
1765 2005 1838 2050 lega

213 2055 387 2095 adjungere
410 2056 591 2095 conabatur,
614 2055 713 2086 Mileti
736 2065 755 2085 a
777 2055 859 2085 Titio
882 2054 1092 2094 quadraginta
1114 2065 1212 2086 annos
1235 2058 1328 2086 natus
1350 2054 1539 2086 interficitur.

297 2104 466 2144 Lepmum,
499 2104 548 2135 cui
570 2104 712 2143 neglecto
736 2107 767 2134 et
790 2106 965 2143 contempto
987 2103 1179 2135 Octavianus
1202 2107 1233 2135 et
1255 2104 1408 2135 Antonius
1431 2102 1584 2134 duumviri
1604 2102 1743 2134 Africam

214 2156 334 2193 serant,
368 2153 399 2184 in
428 2153 579 2184 auxilium
606 2153 791 2184 arcessitum
820 2155 928 2183 contra
957 2152 1086 2183 Sextum
1108 2152 1301 2183 Octavianus
1324 2162 1419 2191 quum
1440 2151 1729 2192 animadvertisset,

213 2212 284 2234 esse
312 2205 513 2243 appetentem
540 2202 692 2234 audacter
720 2201 874 2243 opprimit.
928 2201 1043 2240 Magna
1071 2202 1153 2232 enim
1176 2202 1307 2232 militum
1329 2200 1455 2241 Lepidi,
1489 2210 1581 2239 quem
1601 2203 1726 2241 propter
1744 2200 1769 2231 i

213 2254 244 2282 et
266 2252 426 2291 ignaviam
448 2252 703 2291 contemnebant,
740 2254 884 2291 corrupta
910 2250 1107 2282 multitudine
1136 2251 1220 2281 solus
1249 2254 1353 2281 castra
1380 2251 1450 2290 eJus
1477 2249 1572 2281 intrat
1592 2253 1625 2281 et
1645 2249 1755 2282 facile*

211 2304 246 2331 ut
268 2300 408 2340 legiones
430 2301 542 2341 Lepidi
564 2301 605 2332 ad
629 2311 663 2332 se
686 2300 870 2338 transirent;
899 2299 1001 2340 ipsum
1022 2303 1129 2340 utpote
1151 2299 1329 2340 pontificem
1350 2296 1412 2330 non
1435 2298 1545 2330 decere
1566 2299 1728 2340 imperium
1748 2307 1767 2344 e

211 2349 292 2380 citus
314 2349 430 2381 habere
448 2344 599 2390 judicans
622 2350 761 2390 Circejos
783 2350 815 2380 in
839 2351 1022 2390 perpetuum
1043 2349 1203 2389 relegavit.
1741 2357 1747 2362 ·
