2073 2610
211 356 231 381 a
252 349 359 381 Gallia
380 349 604 389 excluderetur,
627 348 661 380 id
682 301 830 390 oppidum
852 348 906 381 diu
927 349 1091 381 obsessum
1112 349 1149 380 iri
1172 349 1223 381 ab
1226 349 1364 381 Antonio
1382 345 1517 390 opinans
1538 320 1766 382 munitionibus
1772 374 1792 400 1-
1858 344 1865 351 ⁴*

209 403 308 431 verat.
350 400 469 430 Romae
489 399 562 430 novi
584 399 729 430 consules
750 399 870 430 Hirtius
892 402 924 430 et
944 399 1051 430 Pansa
1073 402 1217 431 senatum
1239 402 1413 431 convocant
1433 400 1528 439 utque
1548 398 1690 439 cicero,
1698 392 1793 443 Μ
1906 396 1913 403 “

209 454 283 478 1111111
306 451 427 478 summa-
449 435 635 478 auctoritate
656 448 817 486 utebatur,
850 448 1034 487 Antonium,
1063 449 1137 486 quia.
1158 448 1255 478 invito
1277 451 1389 478 senatu
1410 448 1568 487 petiisset,
1599 448 1728 480 hostem
1764 454 1785 466 ²

209 496 283 528 dum
306 505 377 528 esse
399 496 529 528 censuit.
572 495 610 527 Id
632 505 812 536 quanquam
835 506 896 527 uon
918 495 1064 537 perfecit,
1093 499 1199 528 tamen
1220 496 1369 528 Decimus
1390 495 1553 537 laudatur,
1581 495 1665 537 quod
1685 501 1754 528 non

200 549 267 586 set,
288 546 467 585 bellumque
491 548 599 576 eontra
613 546 782 577 Antonium
804 555 912 585 gerere
934 546 1078 578 consules
1100 556 1164 578 uua
1183 556 1254 578 cum
1270 545 1446 578 Octaviano
1460 546 1620 586 Jubentur,
1643 546 1735 586 eique
1762 553 1788 574 v‘u

207 595 319 636 viginti
347 604 446 626 annos
474 597 548 626 nato
576 594 688 626 summi
716 594 848 626 honores
876 604 896 626 a
925 598 1037 626 senatu
1059 594 1280 637 decernuntur,
1312 597 1347 626 ut
1367 594 1436 636 pari
1458 602 1529 626 cum
1550 595 1729 627 oonsulibus
1749 593 1896 637 imm

209 645 274 678 suis
301 645 400 686 copiis
428 648 605 686 praeesset,
639 647 745 677 statua
773 645 927 685 equestris
955 645 983 677 ei
1010 648 1192 687 poneretur,
1224 645 1355 687 posthae
1383 644 1556 677 sententias
1586 645 1669 678 inter
1699 643 1880 681 consum

207 695 339 734 diceret,
367 696 423 734 jus
450 692 577 734 petendi
604 695 785 725 consulatus
813 695 922 725 decem
951 696 1042 726 annis
1064 699 1137 727 ante
1159 696 1332 735 legitimam
1354 697 1491 726 aetatem
1511 693 1657 736 haberet,
1690 695 1824 734 denique

207 743 330 776 duabus
352 744 528 784 legionibus
550 743 593 784 id,
612 743 696 784 quod
717 743 910 775 Octavianus
932 744 1136 786 promisisset,
1160 754 1198 776 ex
1219 744 1343 785 publico
1366 743 1501 775 daretur.

290 794 393 831 Quum
414 794 594 825 nunciatum
616 797 714 834 esset,
748 794 910 825 Decimum
932 794 1016 825 fame
1037 795 1151 835 premi,
1185 794 1304 827 Hirtius
1329 803 1399 829 cum
1421 792 1595 825 Octaviano
1616 784 1805 839 metuentes,
1835 800 1880 827 m

205 843 258 874 ille
280 843 414 874 Antonio
437 844 539 883 ipsum
561 842 719 873 obsidenti
742 852 775 873 se
798 843 941 883 dederet,
975 844 1097 883 magnis
1124 844 1285 874 itineribus
1306 842 1458 874 Mutinam
1485 842 1695 882 contendunt,
1725 818 1877 884 proelium

204 898 278 924 verb
301 892 492 924 committere
514 902 575 924 non
598 891 724 932 audent,
746 892 928 933 priusquam
949 893 1071 933 Pansa,
1094 893 1161 932 qui
1169 902 1224 934 per
1245 892 1369 924 Italiam
1391 890 1509 923 auxilia
1530 891 1747 934 oonqm'ebat,
1764 895 1876 934 peste·-
1900 889 1907 896 '

204 943 313 973 nisset.
363 943 394 972 Is
422 945 526 973 autem
554 952 593 972 ex
620 942 729 973 itinere
758 943 907 981 proelium
941 952 1010 973 eum
1037 943 1171 973 Antonio
1199 942 1390 973 committere
1423 944 1564 981 coaetus,
1597 950 1691 981 quum
1722 942 1896 982 utrimqn·

185 991 344 1034 .veterani
366 991 515 1022 acerrime
538 994 713 1031 pugnarent
721 1015 738 1037 ,.
762 1000 908 1030 magnam
931 1001 1056 1022 suorum
1078 994 1198 1032 partem
1220 991 1351 1021 militum
1372 990 1492 1030 amisit,
1524 990 1592 1031 ipse
1611 991 1795 1026 ‚vulneratus
1815 994 1878 1033 est,-

204 1050 299 1080 quum
320 1041 455 1080 Hirtius,
489 1041 541 1080 qui
562 1041 702 1080 integras
725 1041 831 1081 copias
854 1051 929 1072 suas
953 1040 1085 1072 adduxit
1113 1044 1144 1072 et
1165 1040 1359 1071 Antonianos
1381 1044 1531 1079 tanquam
1552 1040 1685 1072 victores
1706 1039 1877 1075 redeuutes.
1892 1040 1905 1081 1

202 1090 235 1120 in
268 1093 373 1120 castra
405 1090 617 1129 redintegrato
649 1090 765 1130 proelio
800 1086 970 1130 adoritur,⁶
987 1100 1163 1130 magnaque
1191 1089 1289 1121 caede
1318 1090 1403 1121 facta
1416 1089 1585 1129 devincit,
1616 1089 1748 1122 victoria
1767 1092 1882 1122 euveni

202 1138 291 1170 ducis
323 1139 491 1170 fortissime
523 1139 692 1179 pugnantis
723 1139 789 1170 vita
822 1139 916 1170 stetit.
970 1139 1176 1179 Octavianus,
1213 1139 1265 1178 qui
1298 1138 1400 1170 eidem
1431 1138 1561 1179 proelio
1581 1138 1745 1180 intererat,
1779 1130 1888 1174 libro

200 1191 346 1219 monente
369 1188 464 1219 etiam
485 1198 579 1219 manu
600 1188 729 1228 pulcher
751 1189 910 1229 apparuit,
942 1189 961 1219 i.
985 1198 1011 1219 e.
1034 1195 1181 1228 magnum
1202 1188 1324 1220 virtutis
1347 1188 1566 1219 documentum
1587 1187 1700 1228 edidit,
1733 1183 1879 1235 aquilam
1900 1199 1901 1202 ’

202 1237 284 1268 enim
306 1247 326 1267 a
348 1237 498 1267 moriente
521 1237 669 1276 signifero
691 1237 840 1268 traditam
862 1238 922 1268 sibi
943 1238 1124 1268 vulneratus
1146 1237 1281 1268 humeris
1304 1237 1369 1268 suis
1390 1237 1422 1267 in
1444 1240 1549 1268 castra
1569 1237 1684 1268 retulit.
1726 1237 1821 1269 M
1836 1232 1872 1275 [et
1885 1254 1893 1260 ·
1918 1272 1923 1275 v,
1945 1269 1948 1271 ,

201 1287 327 1318 Pansae
355 1297 394 1318 ex
421 1286 602 1318 vulneribus
629 1287 789 1318 Bononiae
818 1287 902 1318 haud
931 1287 1027 1318 multo
1054 1290 1126 1327 post
1153 1286 1292 1318 defuncti
1320 1295 1449 1327 corpora
1470 1287 1601 1318 Romam
1630 1287 1728 1318 misse
1748 1274 1874 1328 publiea
1894 1292 1897 1294 '
1927 1285 1961 1313 ἰ’

200 1336 362 1376 sepultura
383 1336 536 1366 honorata
558 1339 644 1376 sunt,
678 1336 843 1367 Octaviani
864 1346 938 1367 vero
961 1336 1041 1367 adeo
1064 1337 1149 1367 nulla
1170 1336 1285 1367 mentio
1308 1335 1393 1367 faeta
1415 1338 1478 1376 est,
1510 1335 1572 1366 imo
1599 1338 1690 1367 tanta
1716 1335 1776 1367 mit
1802 1342 1874 1368 oon-
1900 1358 1902 1361 -

198 1384 345 1427 temptio,
373 1388 407 1416 ut
434 1385 620 1426 triumphus,
650 1394 741 1425 quem
770 1385 827 1416 sibi
850 1385 954 1426 petiit,
983 1385 1111 1416 Decimo
1134 1385 1207 1416 lieet
1228 1385 1311 1416 illius
1332 1385 1483 1416 beneficio
1505 1384 1622 1416 viventi
1644 1382 1873 1428 decerneretur,

199 1435 415 1474 exercitusque
445 1436 605 1466 consulum
633 1434 735 1466 eidem
763 1438 913 1474 tanquam
939 1435 1118 1476 imperatori
1146 1435 1219 1466 belli
1247 1438 1354 1465 eontra
1374 1432 1548 1465 “Antonium
1580 1434 1710 1474 gerendi
1740 1435 1868 1468 attribui
1897 1451 1903 1456 ·

197 1484 350 1525 placeret,
382 1485 414 1514 id
443 1484 526 1523 quod
553 1485 667 1515 milites
689 1484 770 1523 grati
792 1494 853 1514 non
875 1484 1011 1514 tulerunt
1033 1485 1064 1514 in
1087 1484 1251 1515 Octavia-ni
1274 1483 1335 1514 fide
1357 1486 1584 1524 permanentes.
1628 1484 1695 1515 Hoc
1721 1486 1784 1515 est
1787 1483 1870 1516 illud

197 1537 335 1574 tempus,
369 1543 429 1572 quo
457 1533 565 1564 Cicero
575 1533 605 1573 ²)
634 1533 752 1564 infinito
781 1542 886 1564 amore
913 1533 1173 1573 Pompejanarum
1200 1533 1335 1573 partium
1362 1533 1531 1564 Caesarem
1557 1532 1728 1564 tollendum
1749 1535 1781 1564 et
1801 1533 1867 1565 lun-
1884 1538 1887 1541 '

196 1582 335 1614 dandum
358 1583 523 1622 censebat,
556 1592 625 1613 eum
647 1582 734 1613 aliud
756 1582 887 1622 diceret,
920 1582 1006 1613 aliud
1034 1582 1165 1621 intelligi
1192 1582 1301 1621 vellet,
1333 1591 1393 1621 quo
1421 1591 1515 1613 sensu
1541 1591 1598 1613 nos
1625 1581 1774 1613 Germani
1799 1577 1867 1614 10ῐὸ
1899 1601 1905 1607 ›

196 1632 353 1664 dieamus:
377 1632 450 1662 Man
472 1641 558 1662 muss
581 1631 642 1662 den
664 1632 765 1662 Casar
785 1632 878 1662 loben
900 1631 964 1662 und
985 1631 1208 1662 hochnehmen.
1870 1648 1873 1649 ν

279 1682 355 1712 Post
376 1691 514 1722 pugnam
535 1680 743 1712 Mutinensem
765 1680 919 1712 Antonius
942 1690 1011 1712 eum
1033 1681 1141 1721 copiis,
1164 1689 1243 1720 quas
1260 1682 1329 1721 Jam
1351 1680 1498 1721 habebat,
1520 1684 1585 1712 tres
1599 1680 1738 1720 legiones
1753 1690 1773 1711 a
1787 1680 1868 1712 Ven·
1898 1690 1908 1697 ³

195 1731 272 1762 tidio
295 1731 450 1762 adductas
472 1731 647 1771 conjunxit,
680 1734 710 1762 et
733 1731 887 1771 superatis
909 1731 1041 1771 Alpibus
1064 1740 1133 1762 cum
1154 1730 1290 1772 Lepido,
1322 1730 1375 1769 qui
1401 1730 1433 1761 in
1455 1730 1641 1771 Hispaniam
1667 1729 1867 1771 proficiscen

194 1785 259 1812 tum
282 1781 314 1811 in
336 1781 442 1811 Gallia
463 1780 663 1819 versabatur,
696 1780 879 1811 societatem
901 1780 984 1820 iniit,
1014 1781 1144 1820 eiusque
1167 1783 1286 1820 septem
1307 1779 1448 1820 legiones
1469 1779 1619 1820 Antonio,
1648 1786 1741 1823 quern
1761 1779 1870 1816 menna
1898 1815 1902 1817 μ

194 1840 259 1862 rem
289 1830 402 1869 ducem
428 1840 523 1869 quam
550 1829 703 1870 Lepidum
731 1829 961 1869 existimarent,
994 1830 1039 1861 ita
1067 1829 1184 1861 addicti
1214 1832 1317 1870 erant,
1350 1832 1384 1860 ut
1405 1829 1529 1860 nomine
1551 1826 1663 1860 essent·
1677 1828 1800 1870 Lepidi,
1819 1848 1830 1854 κ

193 1883 298 1917 autem
320 1889 396 1910 vera
418 1879 501 1910 illius
524 1879 637 1909 milites
648 1878 687 1919 ³).
732 1879 780 1910 Ea
802 1882 907 1910 autem
935 1879 1069 1910 societas
1096 1889 1242 1919 magnam
1270 1881 1392 1919 partem
1415 1878 1589 1909 Octaviano
1610 1871 1792 1910 debebatur.

260 2002 280 2034 ¹)
304 2001 434 2035 Copiosus
458 2001 490 2026 de
513 2001 562 2026 hoc
585 2000 653 2025 bello
677 2005 717 2026 est
735 2001 785 2026 Dio
804 2001 911 2026 Cassius
930 2001 945 2026 l.
965 2001 980 2026 l.
1000 2000 1067 2025 ME.
1087 2009 1107 2025 e.
1129 2003 1158 2027 123
1177 2009 1233 2034 sqq.
1257 2000 1289 2025 cf.
1308 2001 1383 2025 etiam
1404 1999 1534 2034 Vellejum
1553 1999 1715 2025 Pater-culum
1733 1999 1766 2025 11.
1789 2001 1825 2031 61,

189 2042 261 2068 Flor.
279 2041 326 2067 lv.
344 2044 368 2068 4.
403 2041 533 2067 Plutarch.
554 2043 649 2067 Auton.
668 2051 689 2067 c.
712 2044 748 2068 17.
909 2058 911 2061 ·
1800 2072 1803 2075 .

255 2084 282 2116 ²)
300 2078 392 2109 Locus‘
404 2087 490 2108 exstat
508 2083 560 2109 Cic.
579 2084 666 2116 epistt.
685 2083 717 2108 ad
737 2083 854 2108 diversos
874 2084 922 2114 XI,
940 2085 985 2110 20:
1019 2083 1106 2108 Labeo
1130 2083 1251 2117 Segulius
1273 2084 1386 2108 narravit
1404 2083 1472 2113 mihi,
1491 2082 1560 2116 apud
1578 2081 1716 2109 Caesarem
1733 2082 1812 2116 (Octo.
1842 2088 1845 2090 “

188 2125 261 2156 num)
285 2133 313 2150 se
337 2125 430 2154 fuisse,
457 2125 616 2158 multumque
640 2133 783 2149 sermonem
808 2125 840 2149 de
864 2129 888 2149 te
913 2125 1026 2150 habitum
1050 2133 1121 2153 esse,
1152 2125 1235 2158 ipsum
1260 2124 1398 2150 Caesarem
1415 2124 1477 2149 nihil
1496 2131 1558 2148 sane
1576 2122 1608 2148 de
1626 2127 1652 2148 te
1669 2127 1804 2159 questurus
1830 2156 1832 2158 v

188 2167 258 2200 quod
287 2166 395 2197 diceret,
423 2173 447 2191 te
477 2166 586 2197 dixisse,
619 2166 774 2192 laudandum
798 2166 1003 2197 adolescentem,
1032 2166 1173 2191 ornandum
1197 2166 1351 2196 tollendurm
1381 2174 1410 2191 se
1437 2173 1489 2190 non
1515 2173 1574 2190 esse
1601 2165 1796 2193 commissurum

186 2208 243 2234 tolli
262 2209 355 2242 possit.
1771 2225 1774 2227 ,

255 2250 278 2282 ⁸)
296 2249 366 2274 Plut.
384 2250 446 2274 Ant.
465 2257 486 2274 c.
505 2250 548 2276 18:
562 2246 700 2279 Ἀντώνιος
718 2250 845 2279 scestoniae
862 2250 897 2281 (in
910 2254 995 2275 eastra
1008 2249 1110 2283 Lepidi]
1129 2249 1174 2275 καὶ
1192 2248 1326 2282 κρατήσας
1344 2246 1473 2274 ἁπάντων
1489 2245 1647 2280 ἡμερωτατα
1658 2248 1779 2282 Λεπίδῳ·

184 2291 300 2324 ηνέχθη·
330 2290 433 2323 πατέρα
455 2288 506 2323 γὰρ
528 2291 741 2323 προςηγόρευσεν
759 2289 842 2316 αὐτὸν
860 2289 1063 2324 ἀσπασάμενος,
1088 2290 1133 2316 καὶ
1156 2292 1192 2324 τῷ
1211 2289 1262 2323 μὲν
1280 2290 1348 2324 ἔργῳ
1365 2288 1476 2316 πάντων
1494 2286 1573 2320 αὐτὸς
1591 2285 1624 2323 ἦν
1641 2288 1748 2326 κύριος,

153 2361 155 2363 ,
188 2333 212 2358 δ’
230 2330 317 2365 ὄνομα
334 2332 379 2357 καὶ
397 2330 475 2365 τιμὴν
494 2330 693 2364 αὐτοκράτορος
712 2332 819 2358 διετέλει
838 2331 986 2364 φυλάττων.
1004 2347 1036 2351 -
1057 2332 1095 2358 Cf.
1115 2332 1208 2365 Vellej.
1228 2332 1314 2357 Pater.
1333 2331 1366 2362 11,
1384 2333 1429 2358 63:

1744 2384 1787 2407 ,ζ”’
