<?xml version="1.0" encoding="UTF-8"?>
<!DOCTYPE html PUBLIC "-//W3C//DTD XHTML 1.0 Transitional//EN"
    "http://www.w3.org/TR/xhtml1/DTD/xhtml1-transitional.dtd">
<html xmlns="http://www.w3.org/1999/xhtml" xml:lang="en" lang="en">
 <head>
  <title>
</title>
<meta http-equiv="Content-Type" content="text/html;charset=utf-8" />
  <meta name='ocr-system' content='tesseract 3.04.00' />
  <meta name='ocr-capabilities' content='ocr_page ocr_carea ocr_par ocr_line ocrx_word'/>
</head>
<body>
  <div class='ocr_page' id='page_1' title='image "4765496_0026.png"; bbox 0 0 2073 2610; ppageno 0'>
   <div class='ocr_carea' id='block_1_1' title="bbox 1608 276 2068 1114">
    <p class='ocr_par' dir='ltr' id='par_1_1' title="bbox 1608 276 2068 1114">
     <span class='ocr_line' id='line_1_1' title="bbox 1648 276 2068 475; baseline 0 -99"><span class='ocrx_word' id='word_1_1' title='bbox 1648 276 2068 475; x_wconf 95' lang='lat' dir='ltr'><strong>     </strong></span> 
     </span>
     <span class='ocr_line' id='line_1_2' title="bbox 1608 475 2068 574; baseline 0 0"><span class='ocrx_word' id='word_1_2' title='bbox 1608 475 2068 574; x_wconf 95' lang='lat' dir='ltr'><strong>   </strong></span> 
     </span>
     <span class='ocr_line' id='line_1_3' title="bbox 1609 574 2068 704; baseline 0 -80"><span class='ocrx_word' id='word_1_3' title='bbox 1609 574 2068 704; x_wconf 95' lang='lat' dir='ltr'><strong>   </strong></span> 
     </span>
     <span class='ocr_line' id='line_1_4' title="bbox 1734 704 2068 819; baseline 0 0"><span class='ocrx_word' id='word_1_4' title='bbox 1734 704 2068 819; x_wconf 95' lang='lat' dir='ltr'><strong>   </strong></span> 
     </span>
     <span class='ocr_line' id='line_1_5' title="bbox 1758 819 2068 851; baseline 0 1759"><span class='ocrx_word' id='word_1_5' title='bbox 1758 819 2068 851; x_wconf 95' lang='lat' dir='ltr'><strong> </strong></span> 
     </span>
     <span class='ocr_line' id='line_1_6' title="bbox 1608 851 2068 1000; baseline 0 -81"><span class='ocrx_word' id='word_1_6' title='bbox 1608 851 2068 1000; x_wconf 95' lang='lat' dir='ltr'><strong>    </strong></span> 
     </span>
     <span class='ocr_line' id='line_1_7' title="bbox 1608 1000 2068 1114; baseline 0 0"><span class='ocrx_word' id='word_1_7' title='bbox 1608 1000 2068 1114; x_wconf 95' lang='lat' dir='ltr'><strong>    </strong></span> 
     </span>
    </p>
   </div>
   <div class='ocr_carea' id='block_1_2' title="bbox 155 291 1887 1128">
    <p class='ocr_par' dir='ltr' id='par_1_2' title="bbox 155 291 1866 1128">
     <span class='ocr_line' id='line_1_8' title="bbox 180 291 1784 342; baseline 0.001 -11"><span class='ocrx_word' id='word_1_8' title='bbox 180 299 258 332; x_wconf 76' lang='lat' dir='ltr'><strong>estis</strong></span> <span class='ocrx_word' id='word_1_9' title='bbox 278 299 313 330; x_wconf 90' lang='lat' dir='ltr'><strong>in</strong></span> <span class='ocrx_word' id='word_1_10' title='bbox 334 299 471 339; x_wconf 83' lang='lat' dir='ltr'><strong>majores</strong></span> <span class='ocrx_word' id='word_1_11' title='bbox 492 300 624 338; x_wconf 84' lang='lat' dir='ltr'><strong>vestros,</strong></span> <span class='ocrx_word' id='word_1_12' title='bbox 647 307 777 337; x_wconf 86' lang='lat' dir='ltr'><strong>quorum</strong></span> <span class='ocrx_word' id='word_1_13' title='bbox 798 307 897 337; x_wconf 86' lang='lat' dir='ltr'><strong>genus</strong></span> <span class='ocrx_word' id='word_1_14' title='bbox 920 297 1033 329; x_wconf 89' lang='lat' dir='ltr'><strong>deletis</strong></span> <span class='ocrx_word' id='word_1_15' title='bbox 1055 300 1149 337; x_wconf 86' lang='lat' dir='ltr'><strong>atque</strong></span> <span class='ocrx_word' id='word_1_16' title='bbox 1171 300 1316 328; x_wconf 78' lang='lat' dir='ltr'><strong>naturam</strong></span> <span class='ocrx_word' id='word_1_17' title='bbox 1337 291 1510 342; x_wconf 68' lang='lat' dir='ltr'><strong>humanam</strong></span> <span class='ocrx_word' id='word_1_18' title='bbox 1530 298 1684 340; x_wconf 54' lang='lat' dir='ltr'><strong>deprava⁴</strong></span> <span class='ocrx_word' id='word_1_19' title='bbox 1731 296 1737 303; x_wconf 66' lang='lat'>‘</span> <span class='ocrx_word' id='word_1_20' title='bbox 1779 301 1784 321; x_wconf 64' lang='lat'><strong>&#39;⁴</strong></span> 
     </span>
     <span class='ocr_line' id='line_1_9' title="bbox 178 347 1659 389; baseline 0.001 -10"><span class='ocrx_word' id='word_1_21' title='bbox 178 351 245 381; x_wconf 90' lang='lat' dir='ltr'><strong>tem</strong></span> <span class='ocrx_word' id='word_1_22' title='bbox 267 349 388 386; x_wconf 83' lang='lat' dir='ltr'><strong>solvitis</strong></span> <span class='ocrx_word' id='word_1_23' title='bbox 402 348 533 389; x_wconf 67' lang='lat' dir='ltr'><strong>-leg‘ibus</strong></span> <span class='ocrx_word' id='word_1_24' title='bbox 554 357 616 380; x_wconf 91' lang='lat' dir='ltr'><strong>non</strong></span> <span class='ocrx_word' id='word_1_25' title='bbox 638 348 904 389; x_wconf 80' lang='lat' dir='ltr'><strong>obtemperantes,</strong></span> <span class='ocrx_word' id='word_1_26' title='bbox 933 347 1067 389; x_wconf 86' lang='lat' dir='ltr'><strong>patriam</strong></span> <span class='ocrx_word' id='word_1_27' title='bbox 1089 347 1235 389; x_wconf 88' lang='lat' dir='ltr'><strong>proditis,</strong></span> <span class='ocrx_word' id='word_1_28' title='bbox 1259 347 1375 389; x_wconf 81' lang='lat' dir='ltr'><strong>quippe</strong></span> <span class='ocrx_word' id='word_1_29' title='bbox 1397 357 1494 388; x_wconf 88' lang='lat' dir='ltr'><strong>quam</strong></span> <span class='ocrx_word' id='word_1_30' title='bbox 1514 358 1659 382; x_wconf 79' lang='lat' dir='ltr'><strong>vacuam</strong></span> 
     </span>
     <span class='ocr_line' id='line_1_10' title="bbox 180 397 1723 439; baseline 0.001 -10"><span class='ocrx_word' id='word_1_31' title='bbox 180 400 239 430; x_wconf 89' lang='lat' dir='ltr'><strong>bus</strong></span> <span class='ocrx_word' id='word_1_32' title='bbox 265 398 424 437; x_wconf 83' lang='lat' dir='ltr'><strong>reddatis,</strong></span> <span class='ocrx_word' id='word_1_33' title='bbox 460 397 581 428; x_wconf 80' lang='lat' dir='ltr'><strong>etenim-</strong></span> <span class='ocrx_word' id='word_1_34' title='bbox 603 407 664 428; x_wconf 88' lang='lat' dir='ltr'><strong>non</strong></span> <span class='ocrx_word' id='word_1_35' title='bbox 693 397 806 436; x_wconf 86' lang='lat' dir='ltr'><strong>aedes,</strong></span> <span class='ocrx_word' id='word_1_36' title='bbox 843 407 905 427; x_wconf 88' lang='lat' dir='ltr'><strong>non</strong></span> <span class='ocrx_word' id='word_1_37' title='bbox 931 397 1069 437; x_wconf 86' lang='lat' dir='ltr'><strong>porticus</strong></span> <span class='ocrx_word' id='word_1_38' title='bbox 1096 407 1158 428; x_wconf 91' lang='lat' dir='ltr'><strong>non</strong></span> <span class='ocrx_word' id='word_1_39' title='bbox 1186 397 1254 428; x_wconf 83' lang='lat' dir='ltr'><strong>fora</strong></span> <span class='ocrx_word' id='word_1_40' title='bbox 1282 400 1354 429; x_wconf 87' lang='lat' dir='ltr'><strong>sunt</strong></span> <span class='ocrx_word' id='word_1_41' title='bbox 1381 398 1456 429; x_wconf 81' lang='lat' dir='ltr'><strong>urbs</strong></span> <span class='ocrx_word' id='word_1_42' title='bbox 1488 399 1608 439; x_wconf 83' lang='lat' dir='ltr'><strong>patria·</strong></span> <span class='ocrx_word' id='word_1_43' title='bbox 1623 398 1681 430; x_wconf 84' lang='lat' dir='ltr'><strong>sed</strong></span> <span class='ocrx_word' id='word_1_44' title='bbox 1720 414 1723 425; x_wconf 80' lang='grc' dir='ltr'>ι</span> 
     </span>
     <span class='ocr_line' id='line_1_11' title="bbox 180 445 1734 488; baseline 0 -9"><span class='ocrx_word' id='word_1_45' title='bbox 180 448 370 480; x_wconf 78' lang='lat' dir='ltr'><strong>Mementote</strong></span> <span class='ocrx_word' id='word_1_46' title='bbox 398 447 509 487; x_wconf 81' lang='lat' dir='ltr'><strong>etiam,</strong></span> <span class='ocrx_word' id='word_1_47' title='bbox 543 449 735 488; x_wconf 79' lang='lat' dir='ltr'><strong>quantopere</strong></span> <span class='ocrx_word' id='word_1_48' title='bbox 762 446 912 477; x_wconf 79' lang='lat' dir='ltr'><strong>Romulus</strong></span> <span class='ocrx_word' id='word_1_49' title='bbox 940 450 971 477; x_wconf 88' lang='lat' dir='ltr'><strong>et</strong></span> <span class='ocrx_word' id='word_1_50' title='bbox 1001 446 1053 485; x_wconf 90' lang='lat' dir='ltr'><strong>qui</strong></span> <span class='ocrx_word' id='word_1_51' title='bbox 1080 450 1152 487; x_wconf 87' lang='lat' dir='ltr'><strong>post</strong></span> <span class='ocrx_word' id='word_1_52' title='bbox 1174 456 1245 478; x_wconf 91' lang='lat' dir='ltr'><strong>eum</strong></span> <span class='ocrx_word' id='word_1_53' title='bbox 1267 445 1391 477; x_wconf 83' lang='lat' dir='ltr'><strong>fuerunt</strong></span> <span class='ocrx_word' id='word_1_54' title='bbox 1412 446 1546 478; x_wconf 88' lang='lat' dir='ltr'><strong>Romani</strong></span> <span class='ocrx_word' id='word_1_55' title='bbox 1567 447 1686 479; x_wconf 81' lang='lat' dir='ltr'><strong>&#39;vobis</strong></span> <span class='ocrx_word' id='word_1_56' title='bbox 1712 470 1734 473; x_wconf 70' lang='lat'><strong>..</strong></span> 
     </span>
     <span class='ocr_line' id='line_1_12' title="bbox 180 496 1737 539; baseline 0 -10"><span class='ocrx_word' id='word_1_57' title='bbox 180 496 243 529; x_wconf 87' lang='lat' dir='ltr'><strong>An</strong></span> <span class='ocrx_word' id='word_1_58' title='bbox 257 498 412 537; x_wconf 85' lang='lat' dir='ltr'><strong>virginum</strong></span> <span class='ocrx_word' id='word_1_59' title='bbox 441 497 617 528; x_wconf 85' lang='lat' dir='ltr'><strong>Vestalium</strong></span> <span class='ocrx_word' id='word_1_60' title='bbox 646 496 820 537; x_wconf 88' lang='lat' dir='ltr'><strong>exemplum</strong></span> <span class='ocrx_word' id='word_1_61' title='bbox 850 496 985 527; x_wconf 82' lang='lat' dir='ltr'><strong>secuturi</strong></span> <span class='ocrx_word' id='word_1_62' title='bbox 1013 496 1125 536; x_wconf 86' lang='lat' dir='ltr'><strong>cupitis</strong></span> <span class='ocrx_word' id='word_1_63' title='bbox 1153 496 1290 537; x_wconf 83' lang='lat' dir='ltr'><strong>conjugii</strong></span> <span class='ocrx_word' id='word_1_64' title='bbox 1325 498 1470 539; x_wconf 74' lang='lat' dir='ltr'><strong>expertes</strong></span> <span class='ocrx_word' id='word_1_65' title='bbox 1500 497 1596 536; x_wconf 78' lang='lat' dir='ltr'><strong>esse?</strong></span> <span class='ocrx_word' id='word_1_66' title='bbox 1635 496 1737 530; x_wconf 62' lang='lat' dir='ltr'><strong>Nihil</strong></span> 
     </span>
     <span class='ocr_line' id='line_1_13' title="bbox 182 545 1377 586; baseline -0.003 -8"><span class='ocrx_word' id='word_1_67' title='bbox 182 546 275 578; x_wconf 92' lang='lat' dir='ltr'><strong>modo</strong></span> <span class='ocrx_word' id='word_1_68' title='bbox 297 546 409 577; x_wconf 88' lang='lat' dir='ltr'><strong>eadem</strong></span> <span class='ocrx_word' id='word_1_69' title='bbox 432 555 497 586; x_wconf 87' lang='lat' dir='ltr'><strong>vos,</strong></span> <span class='ocrx_word' id='word_1_70' title='bbox 521 555 583 585; x_wconf 88' lang='lat' dir='ltr'><strong>qua</strong></span> <span class='ocrx_word' id='word_1_71' title='bbox 606 545 760 585; x_wconf 83' lang='lat' dir='ltr'><strong>Vestales,</strong></span> <span class='ocrx_word' id='word_1_72' title='bbox 783 555 885 586; x_wconf 87' lang='lat' dir='ltr'><strong>poena</strong></span> <span class='ocrx_word' id='word_1_73' title='bbox 907 545 1089 575; x_wconf 80' lang='lat' dir='ltr'><strong>afficiamini</strong></span> <span class='ocrx_word' id='word_1_74' title='bbox 1111 545 1200 576; x_wconf 86' lang='lat' dir='ltr'><strong>laesa</strong></span> <span class='ocrx_word' id='word_1_75' title='bbox 1222 545 1377 576; x_wconf 84' lang='lat' dir='ltr'><strong>castitate.</strong></span> 
     </span>
     <span class='ocr_line' id='line_1_14' title="bbox 267 592 1756 635; baseline -0.001 -8"><span class='ocrx_word' id='word_1_76' title='bbox 267 596 346 627; x_wconf 87' lang='lat' dir='ltr'><strong>Sunt</strong></span> <span class='ocrx_word' id='word_1_77' title='bbox 368 596 520 635; x_wconf 85' lang='lat' dir='ltr'><strong>fortasse,</strong></span> <span class='ocrx_word' id='word_1_78' title='bbox 555 595 608 634; x_wconf 85' lang='lat' dir='ltr'><strong>qui</strong></span> <span class='ocrx_word' id='word_1_79' title='bbox 631 604 725 635; x_wconf 86' lang='lat' dir='ltr'><strong>aegre</strong></span> <span class='ocrx_word' id='word_1_80' title='bbox 747 594 864 635; x_wconf 83' lang='lat' dir='ltr'><strong>ferant,</strong></span> <span class='ocrx_word' id='word_1_81' title='bbox 898 594 981 634; x_wconf 90' lang='lat' dir='ltr'><strong>quod</strong></span> <span class='ocrx_word' id='word_1_82' title='bbox 1009 594 1164 626; x_wconf 87' lang='lat' dir='ltr'><strong>severiore</strong></span> <span class='ocrx_word' id='word_1_83' title='bbox 1194 594 1278 635; x_wconf 81' lang='lat' dir='ltr'><strong>apud</strong></span> <span class='ocrx_word' id='word_1_84' title='bbox 1299 604 1356 625; x_wconf 86' lang='lat' dir='ltr'><strong>vos</strong></span> <span class='ocrx_word' id='word_1_85' title='bbox 1379 592 1519 625; x_wconf 83' lang='lat' dir='ltr'><strong>oratione</strong></span> <span class='ocrx_word' id='word_1_86' title='bbox 1540 597 1639 634; x_wconf 81' lang='lat' dir='ltr'><strong>utor.</strong></span> <span class='ocrx_word' id='word_1_87' title='bbox 1661 595 1704 627; x_wconf 84' lang='lat' dir='ltr'><strong>At</strong></span> <span class='ocrx_word' id='word_1_88' title='bbox 1725 603 1756 626; x_wconf 87' lang='lat' dir='ltr'><strong>v</strong></span> 
     </span>
     <span class='ocr_line' id='line_1_15' title="bbox 187 643 1835 687; baseline 0.001 -11"><span class='ocrx_word' id='word_1_89' title='bbox 187 655 278 676; x_wconf 90' lang='lat' dir='ltr'><strong>nemo</strong></span> <span class='ocrx_word' id='word_1_90' title='bbox 306 646 446 684; x_wconf 82' lang='lat' dir='ltr'>ignorat,</span> <span class='ocrx_word' id='word_1_91' title='bbox 480 644 556 674; x_wconf 89' lang='lat' dir='ltr'><strong>nihil</strong></span> <span class='ocrx_word' id='word_1_92' title='bbox 586 654 635 674; x_wconf 89' lang='lat' dir='ltr'><strong>me</strong></span> <span class='ocrx_word' id='word_1_93' title='bbox 662 644 857 684; x_wconf 82' lang='lat' dir='ltr'><strong>inexpertum</strong></span> <span class='ocrx_word' id='word_1_94' title='bbox 885 644 1063 682; x_wconf 82' lang='lat' dir='ltr'><strong>reliquisse,</strong></span> <span class='ocrx_word' id='word_1_95' title='bbox 1098 644 1160 674; x_wconf 93' lang='lat' dir='ltr'><strong>imo</strong></span> <span class='ocrx_word' id='word_1_96' title='bbox 1188 644 1333 675; x_wconf 82' lang='lat' dir='ltr'><strong>omuibus</strong></span> <span class='ocrx_word' id='word_1_97' title='bbox 1355 647 1386 674; x_wconf 88' lang='lat' dir='ltr'><strong>et</strong></span> <span class='ocrx_word' id='word_1_98' title='bbox 1408 644 1576 675; x_wconf 82' lang='lat' dir='ltr'><strong>lenioribus</strong></span> <span class='ocrx_word' id='word_1_99' title='bbox 1599 648 1630 677; x_wconf 86' lang='lat' dir='ltr'><strong>et</strong></span> <span class='ocrx_word' id='word_1_100' title='bbox 1651 643 1781 684; x_wconf 73' lang='lat' dir='ltr'><strong>acerbi</strong></span> <span class='ocrx_word' id='word_1_101' title='bbox 1775 653 1835 687; x_wconf 59' lang='lat'><strong>21¹³*-</strong></span> 
     </span>
     <span class='ocr_line' id='line_1_16' title="bbox 185 692 1778 733; baseline -0.001 -8"><span class='ocrx_word' id='word_1_102' title='bbox 185 693 331 726; x_wconf 84' lang='lat' dir='ltr'><strong>remediis</strong></span> <span class='ocrx_word' id='word_1_103' title='bbox 355 693 522 724; x_wconf 73' lang='lat' dir='ltr'><strong>caelibatui</strong></span> <span class='ocrx_word' id='word_1_104' title='bbox 545 692 726 731; x_wconf 86' lang='lat' dir='ltr'><strong>occurrisse,</strong></span> <span class='ocrx_word' id='word_1_105' title='bbox 749 702 804 723; x_wconf 88' lang='lat' dir='ltr'><strong>vos</strong></span> <span class='ocrx_word' id='word_1_106' title='bbox 826 701 900 723; x_wconf 85' lang='lat' dir='ltr'><strong>vero</strong></span> <span class='ocrx_word' id='word_1_107' title='bbox 922 692 1026 723; x_wconf 88' lang='lat' dir='ltr'><strong>omnia</strong></span> <span class='ocrx_word' id='word_1_108' title='bbox 1049 701 1087 723; x_wconf 87' lang='lat' dir='ltr'><strong>ea</strong></span> <span class='ocrx_word' id='word_1_109' title='bbox 1109 692 1295 732; x_wconf 85' lang='lat' dir='ltr'><strong>neglexisse,</strong></span> <span class='ocrx_word' id='word_1_110' title='bbox 1319 702 1395 733; x_wconf 82' lang='lat' dir='ltr'><strong>perv</strong></span> <span class='ocrx_word' id='word_1_111' title='bbox 1396 701 1467 723; x_wconf 90' lang='lat' dir='ltr'><strong>ersa</strong></span> <span class='ocrx_word' id='word_1_112' title='bbox 1489 695 1523 723; x_wconf 93' lang='lat' dir='ltr'><strong>ut</strong></span> <span class='ocrx_word' id='word_1_113' title='bbox 1545 692 1654 733; x_wconf 85' lang='lat' dir='ltr'><strong>opinor</strong></span> <span class='ocrx_word' id='word_1_114' title='bbox 1674 693 1778 733; x_wconf 65' lang='lat' dir='ltr'><strong>eogltfi</strong></span> 
     </span>
     <span class='ocr_line' id='line_1_17' title="bbox 188 738 1807 787; baseline -0.001 -12"><span class='ocrx_word' id='word_1_115' title='bbox 188 743 329 783; x_wconf 82' lang='lat' dir='ltr'><strong>ductos,</strong></span> <span class='ocrx_word' id='word_1_116' title='bbox 343 743 440 774; x_wconf 87' lang='lat' dir='ltr'><strong>vitam</strong></span> <span class='ocrx_word' id='word_1_117' title='bbox 462 742 530 773; x_wconf 90' lang='lat' dir='ltr'><strong>sine</strong></span> <span class='ocrx_word' id='word_1_118' title='bbox 552 751 648 784; x_wconf 80' lang='lat' dir='ltr'><strong>uxore</strong></span> <span class='ocrx_word' id='word_1_119' title='bbox 670 750 708 773; x_wconf 79' lang='lat' dir='ltr'><strong>ac</strong></span> <span class='ocrx_word' id='word_1_120' title='bbox 731 742 836 773; x_wconf 86' lang='lat' dir='ltr'><strong>liberis</strong></span> <span class='ocrx_word' id='word_1_121' title='bbox 859 751 929 773; x_wconf 87' lang='lat' dir='ltr'><strong>esse</strong></span> <span class='ocrx_word' id='word_1_122' title='bbox 951 741 1131 782; x_wconf 86' lang='lat' dir='ltr'><strong>expeditam</strong></span> <span class='ocrx_word' id='word_1_123' title='bbox 1151 741 1286 781; x_wconf 86' lang='lat' dir='ltr'><strong>ideoque</strong></span> <span class='ocrx_word' id='word_1_124' title='bbox 1308 741 1556 782; x_wconf 81' lang='lat' dir='ltr'><strong>praeferendam.</strong></span> <span class='ocrx_word' id='word_1_125' title='bbox 1598 742 1648 773; x_wconf 90' lang='lat' dir='ltr'><strong>Ea</strong></span> <span class='ocrx_word' id='word_1_126' title='bbox 1669 738 1807 787; x_wconf 34' lang='lat' dir='ltr'><strong>autem?-</strong></span> 
     </span>
     <span class='ocr_line' id='line_1_18' title="bbox 189 780 1779 831; baseline -0.001 -7"><span class='ocrx_word' id='word_1_127' title='bbox 189 797 220 824; x_wconf 88' lang='lat' dir='ltr'><strong>et</strong></span> <span class='ocrx_word' id='word_1_128' title='bbox 241 793 397 824; x_wconf 87' lang='lat' dir='ltr'><strong>latronum</strong></span> <span class='ocrx_word' id='word_1_129' title='bbox 419 796 467 823; x_wconf 88' lang='lat' dir='ltr'><strong>est</strong></span> <span class='ocrx_word' id='word_1_130' title='bbox 490 794 583 831; x_wconf 88' lang='lat' dir='ltr'><strong>atque</strong></span> <span class='ocrx_word' id='word_1_131' title='bbox 604 780 786 831; x_wconf 79' lang='lat' dir='ltr'><strong>bestiarum,</strong></span> <span class='ocrx_word' id='word_1_132' title='bbox 809 791 883 830; x_wconf 86' lang='lat' dir='ltr'><strong>quia</strong></span> <span class='ocrx_word' id='word_1_133' title='bbox 905 801 966 822; x_wconf 92' lang='lat' dir='ltr'><strong>non</strong></span> <span class='ocrx_word' id='word_1_134' title='bbox 988 794 1152 831; x_wconf 82' lang='lat' dir='ltr'><strong>propterea</strong></span> <span class='ocrx_word' id='word_1_135' title='bbox 1174 791 1331 822; x_wconf 79' lang='lat' dir='ltr'><strong>caelibatu</strong></span> <span class='ocrx_word' id='word_1_136' title='bbox 1346 791 1515 831; x_wconf 79' lang='lat' dir='ltr'><strong>laetamini,</strong></span> <span class='ocrx_word' id='word_1_137' title='bbox 1537 794 1572 822; x_wconf 91' lang='lat' dir='ltr'><strong>ut</strong></span> <span class='ocrx_word' id='word_1_138' title='bbox 1594 791 1661 823; x_wconf 88' lang='lat' dir='ltr'><strong>sine</strong></span> <span class='ocrx_word' id='word_1_139' title='bbox 1682 791 1756 825; x_wconf 67' lang='lat' dir='ltr'><strong>mu·</strong></span> <span class='ocrx_word' id='word_1_140' title='bbox 1766 812 1779 818; x_wconf 68' lang='lat'><strong>-›</strong></span> 
     </span>
     <span class='ocr_line' id='line_1_19' title="bbox 189 839 1758 902; baseline -0.001 -28"><span class='ocrx_word' id='word_1_141' title='bbox 189 842 328 883; x_wconf 80' lang='lat' dir='ltr'><strong>degatis,</strong></span> <span class='ocrx_word' id='word_1_142' title='bbox 357 851 452 881; x_wconf 89' lang='lat' dir='ltr'><strong>quam</strong></span> <span class='ocrx_word' id='word_1_143' title='bbox 474 845 508 872; x_wconf 91' lang='lat' dir='ltr'><strong>ut</strong></span> <span class='ocrx_word' id='word_1_144' title='bbox 529 841 703 872; x_wconf 84' lang='lat' dir='ltr'><strong>halueinari</strong></span> <span class='ocrx_word' id='word_1_145' title='bbox 730 843 761 871; x_wconf 90' lang='lat' dir='ltr'><strong>et</strong></span> <span class='ocrx_word' id='word_1_146' title='bbox 790 839 934 871; x_wconf 81' lang='lat' dir='ltr'><strong>lascivire</strong></span> <span class='ocrx_word' id='word_1_147' title='bbox 956 840 1046 871; x_wconf 89' lang='lat' dir='ltr'><strong>vobis</strong></span> <span class='ocrx_word' id='word_1_148' title='bbox 1068 840 1177 902; x_wconf 65' lang='lat' dir='ltr'><strong>liceat,</strong></span> <span class='ocrx_word' id='word_1_149' title='bbox 1209 844 1322 879; x_wconf 90' lang='lat' dir='ltr'><strong>quotus</strong></span> <span class='ocrx_word' id='word_1_150' title='bbox 1350 840 1480 880; x_wconf 91' lang='lat' dir='ltr'><strong>quisque</strong></span> <span class='ocrx_word' id='word_1_151' title='bbox 1503 840 1586 872; x_wconf 89' lang='lat' dir='ltr'><strong>enim</strong></span> <span class='ocrx_word' id='word_1_152' title='bbox 1612 843 1758 877; x_wconf 71' lang='lat' dir='ltr'><strong>vestrum</strong></span> 
     </span>
     <span class='ocr_line' id='line_1_20' title="bbox 190 885 1786 930; baseline -0.003 -6"><span class='ocrx_word' id='word_1_153' title='bbox 190 893 240 924; x_wconf 90' lang='lat' dir='ltr'><strong>vel</strong></span> <span class='ocrx_word' id='word_1_154' title='bbox 263 895 375 924; x_wconf 78' lang='lat' dir='ltr'><strong>coenat</strong></span> <span class='ocrx_word' id='word_1_155' title='bbox 397 891 447 924; x_wconf 89' lang='lat' dir='ltr'><strong>vel</strong></span> <span class='ocrx_word' id='word_1_156' title='bbox 469 890 556 923; x_wconf 90' lang='lat' dir='ltr'><strong>aliud</strong></span> <span class='ocrx_word' id='word_1_157' title='bbox 578 890 655 930; x_wconf 88' lang='lat' dir='ltr'><strong>quid</strong></span> <span class='ocrx_word' id='word_1_158' title='bbox 677 890 765 930; x_wconf 77' lang='lat' dir='ltr'><strong>agit?</strong></span> <span class='ocrx_word' id='word_1_159' title='bbox 1783 885 1786 890; x_wconf 78' lang='grc'><strong>”</strong></span> 
     </span>
     <span class='ocr_line' id='line_1_21' title="bbox 155 937 1754 980; baseline -0.001 -8"><span class='ocrx_word' id='word_1_160' title='bbox 155 937 156 940; x_wconf 53' lang='lat'>&#39;</span> <span class='ocrx_word' id='word_1_161' title='bbox 272 941 352 972; x_wconf 88' lang='lat' dir='ltr'><strong>Sunt</strong></span> <span class='ocrx_word' id='word_1_162' title='bbox 374 950 450 971; x_wconf 88' lang='lat' dir='ltr'><strong>sane</strong></span> <span class='ocrx_word' id='word_1_163' title='bbox 473 940 618 980; x_wconf 78' lang='lat' dir='ltr'><strong>conjugio</strong></span> <span class='ocrx_word' id='word_1_164' title='bbox 641 939 792 979; x_wconf 84' lang='lat' dir='ltr'><strong>adjuncta</strong></span> <span class='ocrx_word' id='word_1_165' title='bbox 813 939 970 978; x_wconf 83' lang='lat' dir='ltr'><strong>quaedam</strong></span> <span class='ocrx_word' id='word_1_166' title='bbox 992 940 1134 979; x_wconf 86' lang='lat' dir='ltr'><strong>molesta,</strong></span> <span class='ocrx_word' id='word_1_167' title='bbox 1164 939 1220 970; x_wconf 87' lang='lat' dir='ltr'><strong>sed</strong></span> <span class='ocrx_word' id='word_1_168' title='bbox 1243 942 1490 980; x_wconf 83' lang='lat' dir='ltr'><strong>compensantes,</strong></span> <span class='ocrx_word' id='word_1_169' title='bbox 1520 943 1551 970; x_wconf 88' lang='lat' dir='ltr'><strong>et</strong></span> <span class='ocrx_word' id='word_1_170' title='bbox 1572 939 1701 970; x_wconf 85' lang='lat' dir='ltr'><strong>meliora</strong></span> <span class='ocrx_word' id='word_1_171' title='bbox 1715 941 1754 972; x_wconf 90' lang='lat' dir='ltr'><strong>et</strong></span> 
     </span>
     <span class='ocr_line' id='line_1_22' title="bbox 190 981 1864 1041; baseline 0 -20"><span class='ocrx_word' id='word_1_172' title='bbox 190 994 222 1022; x_wconf 88' lang='lat' dir='ltr'><strong>et</strong></span> <span class='ocrx_word' id='word_1_173' title='bbox 254 989 356 1030; x_wconf 82' lang='lat' dir='ltr'><strong>magis</strong></span> <span class='ocrx_word' id='word_1_174' title='bbox 383 989 565 1021; x_wconf 85' lang='lat' dir='ltr'><strong>necessaria</strong></span> <span class='ocrx_word' id='word_1_175' title='bbox 590 988 623 1019; x_wconf 89' lang='lat' dir='ltr'><strong>in</strong></span> <span class='ocrx_word' id='word_1_176' title='bbox 650 988 846 1019; x_wconf 86' lang='lat' dir='ltr'><strong>matrimonio</strong></span> <span class='ocrx_word' id='word_1_177' title='bbox 873 998 945 1023; x_wconf 82' lang='lat' dir='ltr'><strong>esse</strong></span> <span class='ocrx_word' id='word_1_178' title='bbox 972 998 1066 1028; x_wconf 87' lang='lat' dir='ltr'><strong>quam</strong></span> <span class='ocrx_word' id='word_1_179' title='bbox 1094 988 1125 1019; x_wconf 92' lang='lat' dir='ltr'><strong>in</strong></span> <span class='ocrx_word' id='word_1_180' title='bbox 1157 988 1218 1020; x_wconf 85' lang='lat' dir='ltr'><strong>isto</strong></span> <span class='ocrx_word' id='word_1_181' title='bbox 1247 988 1403 1020; x_wconf 81' lang='lat' dir='ltr'><strong>caelibatu</strong></span> <span class='ocrx_word' id='word_1_182' title='bbox 1431 990 1535 1019; x_wconf 85' lang='lat' dir='ltr'><strong>vestro</strong></span> <span class='ocrx_word' id='word_1_183' title='bbox 1567 987 1661 1020; x_wconf 78' lang='lat' dir='ltr'><strong>facile</strong></span> <span class='ocrx_word' id='word_1_184' title='bbox 1678 981 1864 1041; x_wconf 51' lang='lat' dir='ltr'><strong>reperieffls.</strong></span> 
     </span>
     <span class='ocr_line' id='line_1_23' title="bbox 189 1032 1887 1083; baseline -0.001 -13"><span class='ocrx_word' id='word_1_185' title='bbox 189 1040 359 1071; x_wconf 83' lang='lat' dir='ltr'><strong>Praeterea</strong></span> <span class='ocrx_word' id='word_1_186' title='bbox 380 1039 460 1070; x_wconf 90' lang='lat' dir='ltr'><strong>bene</strong></span> <span class='ocrx_word' id='word_1_187' title='bbox 483 1038 579 1078; x_wconf 81' lang='lat' dir='ltr'><strong>scitis,</strong></span> <span class='ocrx_word' id='word_1_188' title='bbox 602 1038 759 1069; x_wconf 91' lang='lat' dir='ltr'><strong>hominum</strong></span> <span class='ocrx_word' id='word_1_189' title='bbox 780 1038 946 1078; x_wconf 84' lang='lat' dir='ltr'><strong>plerosque</strong></span> <span class='ocrx_word' id='word_1_190' title='bbox 966 1038 1080 1078; x_wconf 89' lang='lat' dir='ltr'><strong>partim</strong></span> <span class='ocrx_word' id='word_1_191' title='bbox 1100 1038 1215 1069; x_wconf 91' lang='lat' dir='ltr'><strong>morbis</strong></span> <span class='ocrx_word' id='word_1_192' title='bbox 1237 1038 1350 1078; x_wconf 88' lang='lat' dir='ltr'><strong>partim</strong></span> <span class='ocrx_word' id='word_1_193' title='bbox 1372 1037 1463 1069; x_wconf 90' lang='lat' dir='ltr'><strong>bellis</strong></span> <span class='ocrx_word' id='word_1_194' title='bbox 1484 1037 1594 1078; x_wconf 87' lang='lat' dir='ltr'><strong>perire,</strong></span> <span class='ocrx_word' id='word_1_195' title='bbox 1617 1040 1648 1068; x_wconf 90' lang='lat' dir='ltr'><strong>et</strong></span> <span class='ocrx_word' id='word_1_196' title='bbox 1665 1032 1887 1083; x_wconf 81' lang='grc' dir='ltr'>ιιιιίωηιξη</span> 
     </span>
     <span class='ocr_line' id='line_1_24' title="bbox 190 1086 1621 1128; baseline -0.003 -8"><span class='ocrx_word' id='word_1_197' title='bbox 190 1098 251 1128; x_wconf 88' lang='lat' dir='ltr'><strong>que</strong></span> <span class='ocrx_word' id='word_1_198' title='bbox 272 1087 347 1119; x_wconf 85' lang='lat' dir='ltr'><strong>boni</strong></span> <span class='ocrx_word' id='word_1_199' title='bbox 368 1088 445 1118; x_wconf 84' lang='lat' dir='ltr'><strong>civis</strong></span> <span class='ocrx_word' id='word_1_200' title='bbox 468 1097 548 1126; x_wconf 84' lang='lat' dir='ltr'><strong>esse,</strong></span> <span class='ocrx_word' id='word_1_201' title='bbox 570 1090 605 1118; x_wconf 92' lang='lat' dir='ltr'><strong>ut</strong></span> <span class='ocrx_word' id='word_1_202' title='bbox 626 1096 732 1118; x_wconf 86' lang='lat' dir='ltr'><strong>eorum</strong></span> <span class='ocrx_word' id='word_1_203' title='bbox 754 1087 807 1126; x_wconf 90' lang='lat' dir='ltr'><strong>qui</strong></span> <span class='ocrx_word' id='word_1_204' title='bbox 829 1090 996 1127; x_wconf 86' lang='lat' dir='ltr'><strong>supersunt</strong></span> <span class='ocrx_word' id='word_1_205' title='bbox 1017 1096 1177 1117; x_wconf 79' lang='lat' dir='ltr'><strong>numemm</strong></span> <span class='ocrx_word' id='word_1_206' title='bbox 1199 1086 1354 1127; x_wconf 85' lang='lat' dir='ltr'><strong>suppleat.</strong></span> <span class='ocrx_word' id='word_1_207' title='bbox 1616 1104 1621 1108; x_wconf 93' lang='lat'><em>-</em></span> 
     </span>
    </p>
   </div>
   <div class='ocr_carea' id='block_1_3' title="bbox 1800 721 1833 738">
    <p class='ocr_par' dir='ltr' id='par_1_3' title="bbox 1800 721 1833 738">
     <span class='ocr_line' id='line_1_25' title="bbox 1800 721 1833 738; baseline 0 0"><span class='ocrx_word' id='word_1_208' title='bbox 1800 721 1833 738; x_wconf 54' lang='grc' dir='ltr'><strong>»ι</strong></span> 
     </span>
    </p>
   </div>
   <div class='ocr_carea' id='block_1_4' title="bbox 194 1134 1760 1225">
    <p class='ocr_par' dir='ltr' id='par_1_4' title="bbox 194 1134 1760 1225">
     <span class='ocr_line' id='line_1_26' title="bbox 278 1134 1760 1176; baseline -0.001 -8"><span class='ocrx_word' id='word_1_209' title='bbox 278 1137 399 1174; x_wconf 83' lang='lat' dir='ltr'><strong>Quibus</strong></span> <span class='ocrx_word' id='word_1_210' title='bbox 421 1137 461 1168; x_wconf 91' lang='lat' dir='ltr'><strong>de</strong></span> <span class='ocrx_word' id='word_1_211' title='bbox 483 1137 588 1168; x_wconf 85' lang='lat' dir='ltr'><strong>causis</strong></span> <span class='ocrx_word' id='word_1_212' title='bbox 610 1137 734 1168; x_wconf 84' lang='lat' dir='ltr'><strong>insania</strong></span> <span class='ocrx_word' id='word_1_213' title='bbox 756 1136 816 1167; x_wconf 83' lang='lat' dir='ltr'><strong>hae</strong></span> <span class='ocrx_word' id='word_1_214' title='bbox 838 1139 943 1176; x_wconf 71' lang='lat' dir='ltr'><strong>vestra</strong></span> <span class='ocrx_word' id='word_1_215' title='bbox 965 1136 1117 1176; x_wconf 85' lang='lat' dir='ltr'><strong>desistite,</strong></span> <span class='ocrx_word' id='word_1_216' title='bbox 1140 1139 1258 1167; x_wconf 85' lang='lat' dir='ltr'><strong>mutate</strong></span> <span class='ocrx_word' id='word_1_217' title='bbox 1281 1135 1497 1173; x_wconf 16' lang='lat' dir='ltr'><strong>etlemendate</strong></span> <span class='ocrx_word' id='word_1_218' title='bbox 1520 1135 1612 1167; x_wconf 87' lang='lat' dir='ltr'><strong>istam</strong></span> <span class='ocrx_word' id='word_1_219' title='bbox 1634 1134 1760 1167; x_wconf 81' lang='lat' dir='ltr'><strong>vivendi</strong></span> 
     </span>
     <span class='ocr_line' id='line_1_27' title="bbox 194 1178 1479 1225; baseline -0.002 -8"><span class='ocrx_word' id='word_1_220' title='bbox 194 1196 264 1217; x_wconf 90' lang='lat' dir='ltr'><strong>nem</strong></span> <span class='ocrx_word' id='word_1_221' title='bbox 287 1178 382 1225; x_wconf 70' lang='lat' dir='ltr'><strong>atque</strong></span> <span class='ocrx_word' id='word_1_222' title='bbox 404 1186 472 1225; x_wconf 84' lang='lat' dir='ltr'><strong>Ego</strong></span> <span class='ocrx_word' id='word_1_223' title='bbox 494 1186 584 1216; x_wconf 88' lang='lat' dir='ltr'><strong>vobis</strong></span> <span class='ocrx_word' id='word_1_224' title='bbox 608 1194 660 1216; x_wconf 90' lang='lat' dir='ltr'><strong>ero</strong></span> <span class='ocrx_word' id='word_1_225' title='bbox 682 1186 762 1216; x_wconf 89' lang='lat' dir='ltr'><strong>bene</strong></span> <span class='ocrx_word' id='word_1_226' title='bbox 785 1185 942 1216; x_wconf 83' lang='lat' dir='ltr'><strong>animatus</strong></span> <span class='ocrx_word' id='word_1_227' title='bbox 964 1188 995 1216; x_wconf 85' lang='lat' dir='ltr'><strong>et</strong></span> <span class='ocrx_word' id='word_1_228' title='bbox 1017 1185 1096 1215; x_wconf 88' lang='lat' dir='ltr'><strong>bene</strong></span> <span class='ocrx_word' id='word_1_229' title='bbox 1119 1184 1250 1216; x_wconf 81' lang='lat' dir='ltr'><strong>affeetus</strong></span> <span class='ocrx_word' id='word_1_230' title='bbox 1272 1185 1479 1224; x_wconf 84' lang='lat' dir='ltr'><strong>Augustus.</strong></span> 
     </span>
    </p>
   </div>
  </div>
 </body>
</html>
