2073 2610
495 221 536 249 „a
561 208 660 244 Decio
685 211 783 243 Bruto
806 173 980 247 submissis
993 210 1111 243 Urbem
1135 213 1341 251 peragrantes
1355 212 1395 241 et
1415 192 1592 242 fibert-tem
1611 211 1835 253 Μ’

490 258 570 292 ssnon
590 255 773 300 audiuntur,
805 261 1041 299 metuentesque
1068 260 1110 290 ab
1130 259 1265 290 Antonio
1287 262 1319 289 et
1339 258 1459 299 Lepido
1479 268 1543 290 non
1562 259 1664 291 minus
1690 263 1798 300 qnam
1804 269 1830 292 a

499 318 634 350 magnus
654 309 801 341 numerus
820 309 854 340 in
875 308 960 340 Urbe
980 310 1080 348 esset,
1107 308 1141 339 in
1161 307 1350 349 Capitolium
1367 317 1406 339 se
1426 308 1588 349 recipiunt.
1630 307 1733 346 Quum
1752 316 1834 344 ναν»

349 375 361 386 -‹
428 360 463 392 et
481 357 658 390 Dolabella
670 368 690 389 a
711 358 850 390 Caesare
871 358 980 401 consul
1006 332 1205 397 desi'guatus,
1237 352 1290 397 qui
1316 357 1393 389 Idus
1419 357 1567 389 Martias
1577 357 1662 390 diem
1688 360 1828 391 natalem

293 424 298 431 ⁴
336 407 351 413 ”
366 413 371 434 ¹
389 410 453 440 tas
473 407 581 449 voluit,
603 406 732 439 caedem
751 396 980 448 praedicarent,
1002 409 1034 437 et
1054 406 1155 446 plebis
1175 415 1250 446 pars
1272 408 1416 447 corrupta
1436 415 1636 447 percussores
1657 407 1690 438 in
1709 407 1826 440 Urbem

299 451 306 463 ‘
426 457 557 497 Cassius
580 460 625 489 et
616 457 746 489 Brutus
768 456 872 487 animo
893 458 1018 496 recepto
1040 455 1170 487 Sextum
1190 456 1374 496 PompeJum
1394 456 1501 496 Magni
1528 456 1641 497 filium,
1673 457 1829 490 adversus-

361 496 380 515 ‘⁰
400 507 446 539 in
469 506 631 547 Hispania
661 506 778 538 bellurn
804 505 980 556 gerebant,
1016 507 1174 546 expetunt.
1232 505 1385 536 Antonius
1421 508 1453 536 et
1488 505 1627 546 Lepidus
1660 506 1825 539 eonsilium

377 564 520 589 aesarem
541 556 688 589 differunt
707 558 833 596 propter
854 557 998 586 senatum
1018 554 1267 586 interfectoribus
1295 554 1451 586 faventem
1499 555 1673 595 legatisque
1699 565 1826 597 respon·

308 605 426 642 mnium
458 609 635 637 senatorum
670 605 842 636 sententias
875 603 990 644 agendi
1023 613 1163 635 normam
1196 604 1255 634 sibi
1289 603 1363 635 fore.
1411 564 1532 635 Eaffiem
1569 608 1659 636 nocte
1691 606 1826 645 pecunia

322 657 372 686 set
390 657 478 686 acta
509 654 631 695 imperii
663 654 698 684 in·
723 653 848 685 domum
874 652 1000 688 Antonii
1027 652 1268 692 transferuntur,
1305 656 1336 683 et
1369 655 1591 684 testamentum
1622 653 1706 685 illius
1739 654 1825 695 apud

321 717 324 721 ·
345 703 520 745 depositum
553 703 720 734 subsecuto
751 712 844 740 mane
875 702 1031 733 recitatur.
1079 700 1148 738 Quo
1181 701 1288 732 audito
1322 711 1417 741 quum
1446 702 1578 742 populus
1612 703 1823 744 comperisset,

313 760 367 784 um
388 762 427 784 ex
447 753 531 784 Julia
552 752 699 783 Caesaris
721 761 825 782 sorore
846 753 991 790 nepotem
1012 750 1204 790 adoptatum,
1226 751 1337 781 hortos
1353 751 1385 781 in
1406 760 1497 781 usum
1518 751 1625 791 populi
1645 752 1822 792 publicatos

312 794 458 832 trecenos
480 801 640 831 sestertios
654 799 804 839 ‚addictos
826 809 912 838 esse,
940 799 1085 829 Caesaris
1107 809 1179 830 eam
1200 799 1383 838 miserebat,
1411 802 1443 830 et
1464 800 1590 830 Antonii
1611 800 1820 832 oratiotune—

319 849 411 882 Dion.
425 842 523 881 *cass
538 843 620 880 tom*
642 850 669 880 1.
691 859 721 890 p.
736 846 817 890 340)
839 851 1000 888 tantopere
1021 848 1099 879 iram
1114 848 1153 890 in
1174 849 1353 888 conjuratos
1374 848 1537 889 excitavit,
1570 852 1604 880 ut
1625 849 1758 890 curiam,
1787 850 1820 881 in

178 922 184 936 ,
241 899 363 932 Caesar
382 899 563 938 interfectus
585 901 667 939 erat,
689 898 882 938 incenderet,
905 906 1017 938 corpus
1038 898 1108 937 eJus
1128 898 1182 928 illo
1204 898 1287 938 loco,
1315 898 1369 928 ubi
1390 898 1463 929 olim
1484 899 1571 938 regia
1593 898 1710 939 fuerat,
1739 909 1821 931 com-

251 939 266 992 η’
312 948 411 980 totam
432 951 554 979 noctem
574 948 617 979 ibi
630 947 838 988 pervigilaret
859 950 891 978 et
911 950 1127 978 veteranorum
1148 946 1408 978 Caesarianorum
1421 941 1531 987 'opera
1551 947 1710 979 decretum
1732 958 1821 980 sena-

229 994 431 1043 pervinceret,
452 1007 514 1037 quo
536 997 655 1029 Caesar
675 997 707 1029 in
729 996 857 1028 deorum
877 1006 1038 1028 numerum
1059 996 1176 1027 relatus
1198 998 1256 1027 est.

241 1043 288 1080 Eo
307 1050 447 1087 tempore
467 1047 508 1077 M.
530 1044 683 1077 Antonius
704 1046 836 1085 primum
856 1045 888 1076 in
910 1045 1036 1076 civitate
1057 1046 1158 1076 locum
1180 1045 1350 1076 obtinebat.
1394 1046 1479 1076 Avus
1502 1047 1570 1085 ejus
1593 1046 1651 1077 fuit
1666 1047 1820 1079 Antonius

245 1106 271 1137 r,
291 1105 393 1136 quem,
421 1095 495 1135 quia
516 1095 715 1135 Syllanarum
736 1097 804 1125 crat
823 1094 968 1134 partium,
990 1094 1103 1125 cinna·
1110 1094 1243 1125 necavit.
1284 1094 1385 1125 Filius
1407 1094 1490 1125 illius
1512 1104 1572 1125 non
1594 1104 1696 1126 rerum
1716 1100 1820 1135 gesta—

251 1144 346 1181 laude
373 1145 476 1177 clarus
504 1144 561 1183 sed
587 1144 635 1175 vir
660 1144 776 1185 probus
791 1141 913 1175 ..Iuliam
939 1143 1041 1184 gentis
1061 1143 1165 1182 Juliae
1193 1152 1231 1174 ac
1253 1143 1383 1175 Caesari
1404 1146 1569 1184 cognatam
1590 1144 1819 1178 honestissimis

234 1204 257 1227 ιτ
271 1187 387 1228 aetatis
398 1194 588 1225 mulieribus
611 1193 877 1233 adnumerandam
898 1193 931 1223 in
952 1193 1179 1224 matrimonium
1201 1193 1299 1232 duxit,
1327 1202 1366 1223 ex
1388 1203 1451 1232 qua
1472 1196 1535 1224 tres
1557 1193 1647 1234 filios,
1669 1195 1818 1235 Marcum,

269 1255 278 1265 ²
288 1242 420 1276 Lucium
440 1243 592 1279 Antonios
613 1242 797 1300 procreavit.
840 1242 919 1289 EJus
945 1245 1017 1283 post
1042 1244 1172 1273 mortem
1192 1242 1277 1273 Julia
1299 1236 1440 1273 Cornelio
1462 1242 1594 1274 Lentulo
1621 1243 1728 1284 nupsit
1749 1253 1819 1276 con-

258 1293 303 1325 ni
338 1292 539 1340 Catilinariae
572 1292 671 1333 socio,
707 1301 799 1332 quem
832 1286 1026 1323 consularem
1056 1294 1087 1323 et
1116 1294 1292 1332 praetorem
1326 1292 1438 1323 iterum
1469 1293 1656 1324 auctoritate
1691 1297 1819 1326 senatus

243 1356 257 1370 ιι
284 1342 318 1374 in
339 1336 463 1384 carcere
483 1341 589 1372 necari
605 1341 711 1381 jussit.
753 1341 852 1372 Filius
873 1341 976 1372 Juliae
997 1341 1038 1372 M.
1060 1341 1213 1371 Antonius
1234 1341 1397 1380 postmodo
1418 1341 1559 1372 triumvir
1580 1352 1600 1372 a
1621 1342 1755 1374 Curione
1777 1342 1820 1374 ad

255 1392 356 1423 osam
382 1388 476 1431 atque
503 1391 694 1422 luxuriosam
725 1390 823 1421 vitam
853 1390 1005 1431 pellectus
1036 1389 1238 1421 ducentorum
1269 1390 1496 1430 quinquaginta
1526 1391 1714 1422 talentorum
1746 1401 1819 1424 aere

248 1445 264 1475 j
278 1437 491 1483 premebatur,
523 1449 594 1471 mox
616 1439 717 1470 Clodii
738 1434 951 1470 familiaritate
972 1448 1048 1470 usus
1070 1439 1127 1469 sed
1148 1449 1210 1469 non
1231 1439 1276 1469 ita
1297 1440 1393 1469 multo
1414 1442 1486 1479 post
1507 1440 1640 1471 satiatus
1661 1442 1818 1481 pravitate

177 1483 185 1492 ³
245 1488 466 1521 inoraeciam
487 1495 521 1519 se
543 1488 672 1519 contulit
693 1487 735 1519 ad
756 1490 855 1518 artem
876 1487 1042 1518 oratoriam
1070 1490 1101 1518 et
1126 1496 1237 1527 corpus
1264 1488 1471 1518 exercendum
1498 1498 1535 1519 ac
1557 1490 1819 1521 corroborandum

243 1531 247 1535 ’
267 1554 272 1566 ι
287 1547 346 1571 ns.
389 1537 471 1569 Dein
493 1537 619 1569 Gabinii
640 1537 787 1578 auspiciis
807 1537 986 1583 in-Syriam
1013 1536 1092 1568 oum‘
1110 1536 1248 1567 exercitu
1269 1536 1495 1577 proficiscentis
1516 1538 1709 1579 expeditioni
1729 1549 1818 1580 prae-

323 1586 420 1621 uitam
447 1587 611 1632 intererat,
646 1583 860 1618 Aristobulum>
882 1586 1073 1626 ‚Iudaeorum
1102 1595 1208 1625 regem
1240 1585 1405 1624 aliquoties
1438 1588 1597 1627 superavit
1629 1591 1661 1619 et
1692 1588 1817 1628 devicit,

283 1637 387 1680 minus
415 1637 509 1668 rebus
541 1636 573 1667 in
604 1636 728 1676 Egypto
758 1636 839 1667 bene
870 1635 967 1675 gestis
999 1645 1146 1675 magnam
1173 1634 1363 1666 fortitudinis
1391 1638 1423 1666 et
1449 1636 1494 1667 rei
1521 1636 1663 1668 militaris
1691 1637 1818 1670 laudem

248 1701 261 1714 ι.
288 1678 345 1719 est.
388 1687 548 1718 Postremo
571 1696 665 1725 quum
686 1686 854 1726 Pompejus
876 1696 896 1716 a
917 1685 1093 1724 nobilitate,
1124 1684 1244 1716 Caesar
1266 1695 1286 1715 a
1306 1685 1421 1724 populo
1443 1688 1556 1724 staret,
1589 1686 1724 1717 Curione
1745 1696 1817 1718 sua·
1836 1718 1843 1722 ,

178 1756 220 1778 „2
239 1729 407 1785 Caesaris
414 1736 555 1776 partibus
577 1735 714 1775 favebat,
742 1738 773 1766 et
793 1735 826 1765 in
848 1737 952 1765 castra
974 1734 1129 1774 Caesaris,
1156 1734 1206 1765 cui
1227 1734 1368 1764 tribunus
1389 1734 1422 1764 in
1443 1710 1557 1765 senati}
1577 1734 1694 1766 frustra
1715 1738 1818 1775 patro-

182 1786 196 1804 ⁴·
279 1775 379 1825 *erat
413 1783 566 1816 conducto
587 1794 677 1819 curru
699 1784 829 1815 vehitur.
871 1785 907 1814 In
928 1783 1109 1814 Pharsalico
1130 1783 1246 1823 proelio
1269 1783 1388 1814 Caesar
1408 1783 1518 1814 dextro
1540 1783 1672 1815 militum
1692 1793 1819 1815 suorum

281 1831 436 1866 Antonius
458 1833 582 1864 sinistro
603 1833 787 1874 imperabat,
809 1835 960 1872 tantoque
982 1832 1066 1873 apud
1087 1832 1174 1863 illum
1195 1832 1228 1863 in
1248 1832 1364 1863 honore
1385 1832 1538 1863 Antonius
1560 1836 1636 1872 erat,
1664 1836 1700 1864 ut
1719 1833 1819 1865 tribus

322 1885 348 1925 t,
364 1893 465 1924 >quum
486 1882 605 1914 Caesar
626 1892 665 1914 ex
685 1882 840 1923 Hispania
861 1882 985 1922 rediret,
1014 1882 1167 1913 Antonius
1189 1882 1297 1913 consul
1319 1881 1443 1913 obviam
1465 1881 1568 1913 faetus
1590 1885 1622 1914 et
1642 1883 1818 1923 gratulatus

297 1941 358 1975 quo
380 1932 507 1973 Caesar,
535 1941 625 1963 curru
645 1930 678 1962 in
695 1932 814 1963 Urbem
835 1931 1008 1972 veheretur,
1036 1931 1173 1962 seeundo
1195 1931 1309 1962 Brutus
1331 1934 1362 1961 et
1383 1931 1624 1972 Octavianus¹).
1667 1932 1770 1971 Atque
1790 1932 1818 1962 is

301 1982 455 2015 Antonius
476 1981 638 2023 interfecto
660 1980 796 2012 Caesare
817 1980 901 2021 plebi
922 1982 993 2021 Jam
1009 1980 1199 2018 *carissimus
1221 1983 1400 2017 senatorum
1420 1983 1516 2019 atque
1543 1981 1666 2012 omnino
1688 1981 1817 2021 optima-

317 2023 387 2065 'bus
409 2034 573 2073 suspectus
595 2030 697 2062 adhuc
719 2034 801 2071 erat,
823 2030 957 2070 gratiam
979 2030 1124 2070 colligere
1145 2033 1289 2070 conatur,
1312 2039 1369 2061 nec
1390 2029 1515 2061 frustra.
1559 2030 1654 2062 Aram
1676 2030 1758 2062 enim
1771 2032 1816 2062 'eo

339 2074 460 2114 Caesar
480 2083 694 2113 concrematus
716 2083 783 2111 erat
803 2080 835 2110 in
857 2079 1003 2111 honorem
1024 2079 1123 2120 ipsius
1145 2082 1355 2111 exstruentem
1377 2079 1534 2119 quendam
1556 2089 1656 2119 eaque
1677 2089 1711 2111 re
1732 2079 1815 2120 plebi

355 2245 452 2275 Anton-
474 2254 496 2271 e.
522 2247 564 2277 ll,
593 2242 707 2279 ἐτιμήθη
720 2245 746 2271 δ’
766 2235 900 2275 Ἀπόιιιος
922 2243 1059 2277 &notarie
1075 2242 1118 2270 ὑπ’
1137 2242 1231 2270 «6206-
1261 2242 1438 2278 κομιζόμενος
1455 2242 1506 2277 γὰρ
1525 2242 1567 2269 ἐπὶ
1585 2241 1692 2278 ζεύγους
1709 2242 1754 2269 διὰ
1772 2243 1818 2276 τῆς

308 2282 312 2288 “
327 2286 334 2292 ’
387 2294 421 2313 ov
436 2284 566 2320 thaps&
576 2286 682 2325 imo&
699 2284 909 2320 mozobpems
920 2283 1035 2312 ὄπισθεν
1052 2285 1081 2312 δὲ
1098 2285 1144 2311 καὶ
1157 2283 1356 2311 Ὀκταυυιανόι
