2073 2610
315 473 410 528 lianc,
432 485 490 520 sed
500 485 550 518 de
570 486 662 527 Juba,
681 488 717 530 *et
738 485 903 525 Gallicum.
946 486 1107 527 Triumphi
1128 489 1233 518 autem
1254 488 1288 517 ut
1309 485 1443 525 gratiam
1457 484 1587 525 Caesari
1608 485 1816 523 conciliarent,

320 535 419 576 bfuit,-
447 537 483 566 nt
503 535 653 566 invidiam
680 535 828 566 facerent.
871 535 1114 579 Indignabundi
1124 536 1206 566 enim
1227 535 1280 574 qui
1302 535 1473 565 intererant
1494 537 1700 574 spectatores,
1734 535 1817 565 Arsi-

328 585 597 625 patraesororem
618 586 844 624 conspexerunt
865 584 898 615 in
918 584 1072 625 triumpho
1094 586 1273 617 catenatam
1295 583 1382 623 duci,
1415 583 1604 624 triumphum
1631 582 1670 614 de
1698 583 1818 615 civibus

335 632 468 677 devietis
489 642 583 673 aegre
605 632 763 673 ferebant,
795 633 1077 669 et‘multitudinem
1099 633 1291 674 captivorum
1311 633 1392 664 inter
1412 632 1601 672 triumphum
1622 631 1819 663 trucidando-

336 681 471 714 ⁴bantur.
505 677 683 722 Triumphis
705 682 784 713 actis
799 682 917 714 Caesar
937 683 1050 714 milites
1073 692 1154 718 suos,
1166 679 1266 713 niulta
1286 682 1419 722 'pecunia
1434 681 1571 721 donavit,
1593 681 1707 722 populo
1728 680 1819 713 ludos

329 779 395 812 bito
409 780 571 821 apparuit,
594 783 712 820 quanta
733 779 846 825 civium
867 781 1049 814 multitudo
1053 778 1226 812 maximam
1243 784 1363 821 partem
1383 780 1475 811 bellis
1496 780 1642 812 civilibus
1659 780 1819 821 periisset3

251 838 297 872 ΒΧ
309 823 482 862 'hecentis
491 829 602 869 viginti
629 830 753 869 milibus
781 831 908 871 civium,
941 831 994 870 qui
1021 834 1094 862 ante
1121 831 1205 862 bella
1227 830 1331 861 civilia
1353 829 1438 860 censi
1460 833 1563 869 erant,
1595 839 1675 860 nunc
1696 832 1820 860 centum

249 878 380 919 nzginta
401 879 487 909 milia
509 882 692 919 supererant
714 879 746 909 in
767 880 895 915 censum
916 880 1025 911 relata.
1084 884 1089 886 “
1196 886 1200 889 ’
1532 890 1535 893 ’

261 921 395 974 ostremo
412 927 532 959 bellum
554 928 648 958 etiam
669 928 796 967 gravius
817 928 965 960 Africano
987 929 1019 960 in
1040 929 1194 969 Hispania
1221 931 1328 959 contra
1357 912 1499 959 Gnaeum
1526 931 1557 958 et
1579 927 1708 958 Sextum
1730 928 1818 958 Pom-

268 975 377 1016 Magni
403 976 484 1007 filios
511 976 641 1009 Caesari
667 977 838 1016 gerendum
863 980 947 1018 erat,
979 977 1116 1016 undique
1143 977 1246 1008 adhuc
1272 977 1394 1017 paterni
1415 977 1548 1007 nominis
1575 976 1821 1019 magnitudinem

271 1023 350 1055 -‘'um
377 1033 416 1055 ex
441 1027 506 1055 toto
533 1025 607 1055 orbe
635 1028 785 1056 terrarum
811 1026 937 1057 auxiliis
963 1026 1198 1069 confluentibus.
1242 1027 1278 1056 In
1306 1029 1437 1064 utroque
1465 1025 1602 1056 exercitu
1629 1028 1660 1056 et
1687 1025 1820 1065 Hispani

274 1076 330 1129 ant
351 1068 383 1104 et
403 1074 519 1113 Mauri,
537 1083 670 1112 quorum
691 1078 810 1114 partem
831 1075 971 1106 Bocchus
994 1075 1125 1106 filiorum
1143 1075 1251 1131 ductu
1263 1075 1422 1115 Pompejis
1443 1074 1570 1108 auxilio
1581 1075 1724 1130 miserat,
1751 1084 1819 1130 par-

275 1318 426 1360 escendit,
448 1321 597 1359 scutoque
618 1319 724 1351 militis
746 1323 869 1361 arrepto
891 1321 924 1352 in
945 1321 1076 1362 primam
1098 1321 1198 1353 aciem
1219 1330 1256 1352 eo
1278 1330 1376 1361 usque
1397 1321 1557 1362 procurrit,
1580 1317 1613 1352 ut
1628 1320 1735 1352 decem
1749 1323 1816 1351 tan-

303 1361 337 1399 es
359 1369 399 1399 ab
421 1368 562 1399 hostibus
585 1369 730 1409 distaret,
760 1370 971 1409 militibusque
993 1370 1211 1410 denunciaret,
1233 1370 1366 1409 vestigio
1387 1380 1421 1401 se
1442 1380 1504 1401 non
1525 1380 1727 1408 recessurum,
1748 1379 1815 1409 pro·

268 1416 402 1456 ‘dei-ent,
434 1426 526 1455 quem
547 1420 578 1447 et
599 1427 660 1473 §.¹¹⁰
682 1417 749 1448 loco
771 1419 990 1459 imperatorem
1012 1419 1165 1450 deserturi
1186 1419 1296 1450 forent.
1340 1419 1528 1459 Expugnata
1553 1419 1679 1449 tandem
1700 1417 1816 1459 Munda

266 1468 301 1497 ta
321 1465 408 1498 vario
430 1468 461 1497 et
482 1466 619 1507 ancipiti,
646 1469 681 1497 ut
702 1467 821 1498 Caesar
842 1467 883 1499 de
904 1471 1002 1499 morte
1025 1468 1084 1499 sibi
1106 1468 1331 1500 consciscenda
1353 1468 1508 1508 cogitasse
1531 1468 1695 1507 diceretur,
1723 1467 1816 1498 finem

273 1515 433 1549 Gnaeum
453 1515 649 1559 Pompeium
657 1516 827 1555 fugientem
848 1517 961 1547 Didius
974 1517 1001 1557 ¹)
1023 1517 1187 1557 interfecit,
1211 1517 1334 1548 Sextus
1346 1518 1379 1548 in
1401 1517 1600 1548 Celtiberiam
1621 1517 1731 1547 evasit.

336 1667 430 1703 atque
455 1664 652 1695 tribuniciain
673 1667 875 1705 potestatem,
907 1675 1095 1706 praenomen
1123 1666 1334 1705 imperatoris,
1368 1675 1539 1705 cognomen
1560 1665 1658 1705 patris
1683 1665 1816 1705 patriae,

269 1727 283 1740 «ι
322 1718 417 1753 quam
438 1716 562 1755 propter
584 1714 739 1748 calvitiem
761 1717 793 1745 et
813 1714 915 1753 laetus
937 1714 1058 1755 accepit
1080 1717 1111 1745 et
1132 1724 1254 1755 semper
1275 1715 1435 1755 gestabat,
1457 1718 1578 1746 vestem
1598 1714 1818 1755 triumphalem

280 1762 373 1807 festis
394 1758 595 1806 induendam,
618 1764 861 1805 appellationem
882 1765 999 1795 mensis
1022 1774 1039 1795 e
1061 1774 1117 1795 suo
1132 1765 1264 1804 nomine,
1287 1764 1446 1804 quidquod
1467 1764 1594 1805 templa,
1617 1773 1700 1806 aras,
1723 1764 1815 1795 simu-

273 1808 352 1844 nxta
371 1811 448 1844 deos
470 1812 616 1853 decrevit,
644 1816 809 1854 praeterea
829 1814 981 1854 pecuniae
1003 1814 1148 1854 publicae
1170 1817 1264 1853 atque
1285 1814 1331 1844 rei
1352 1813 1495 1845 militaris
1517 1813 1817 1844 administrationem

271 1861 320 1903 it,
347 1864 387 1904 λιιίς
402 1861 513 1901 ιθςὶιιθ
534 1863 683 1902 potestati
704 1862 782 1893 nihil
804 1862 929 1894 deesset
956 1863 1017 1894 nisi
1045 1873 1165 1894 nomen.
1213 1863 1251 1894 Id
1273 1872 1327 1894 cur
1349 1863 1587 1902 desideraverit,
1619 1863 1743 1894 fuerunt
1763 1862 1817 1901 qni

275 1913 351 1952 dur,
365 1911 433 1942 *alii
441 1910 471 1954 ξ)
493 1921 554 1942 ιιοιι
575 1911 752 1952 vituperant
773 1922 875 1952 neque
895 1913 1019 1952 injuria.
1063 1913 1104 1943 At
1125 1912 1264 1953 profecto
1286 1913 1395 1944 mirum
1417 1922 1488 1943 esse
1508 1913 1627 1953 potest,
1659 1911 1743 1951 qnod
1769 1911 1817 1942 vir

290 1976 293 1977 γ
352 1972 355 1973 ⁷
1683 1971 1719 1993 Ψ

220 2018 257 2070 J)
264 2024 369 2052 Florus
377 2025 483 2053 1111.2:
514 2025 652 2051 Cesonium
675 2026 834 2051 interfecisse
857 2026 948 2056 refert,
975 2026 1024 2051 Dio
1048 2026 1155 2052 Cassius
1179 2026 1240 2050 MG.
1259 2035 1278 2052 c
1298 2028 1332 2053 40
1349 2035 1372 2059 p.
1391 2027 1448 2052 317.
1467 2025 1619 2059 Pompejum
1637 2034 1653 2050 a
1670 2025 1815 2051 Caesennio

243 2068 248 2072 ’
307 2068 400 2094 silvam
417 2068 520 2103 fugisse
536 2068 622 2101 ibique
639 2067 757 2101 periisse,
775 2067 886 2097 Didium,
904 2067 964 2092 dum
983 2068 1083 2101 quaerit
1101 2067 1178 2098 illum,
1198 2068 1222 2091 in
1241 2067 1329 2092 hostes
1348 2066 1468 2091 incidisse
1487 2072 1513 2091 et
1529 2067 1653 2092 cecidisse
1671 2072 1765 2093 monet.

339 2109 359 2141 1,·
373 2109 532 2135 Middetonis
550 2108 683 2134 Historiae
699 2108 829 2134 Romanae
848 2109 974 2143 interpres
992 2112 1053 2134 tom.
1067 2108 1114 2138 ΙΙΙ,
1132 2117 1157 2142 p.
1170 2110 1216 2135 271
1237 2109 1299 2133 haec
1316 2109 1381 2133 bene
1400 2112 1511 2139 monet,
1514 2106 1604 2138 ,sollte
1622 2108 1708 2133 dieser
1724 2116 1816 2142 grosse

320 2151 392 2180 meh.
411 2151 493 2176 einem
517 2151 602 2176 leeren
619 2150 688 2175 Titel
711 2151 812 2184 gegeizt
833 2151 933 2175 haben?
963 2150 1073 2176 Freilich
1096 2151 1165 2175 batte
1188 2159 1217 2175 er
1234 2150 1283 2175 alle
1301 2149 1417 2181 Gewalt,
1443 2151 1505 2175 aber
1522 2150 1588 2175 wie?
1611 2150 1650 2175 als
1668 2149 1817 2184 Usus-paton-

271 2184 395 2223 ἑἓίὶίιὶσιι
411 2192 458 2217 der
475 2192 656 2217 Demokraten.
692 2192 775 2217 Sollte
792 2191 873 2217 Casar
897 2200 928 2217 so
945 2192 1030 2225 wenig
1047 2192 1088 2216 fur
1111 2192 1152 2216 die
1170 2191 1285 2217 Zukunft
1307 2196 1416 2225 gesorgt
1432 2192 1528 2221 haben,
1557 2192 1605 2216 wie
1628 2191 1718 2225 Sylla⁹
1747 2191 1815 2220 wie,

290 2228 307 2235 ...
322 2228 474 2259 'thebeae
491 2232 568 2259 Geist
584 2241 613 2258 es
631 2233 735 2264 einsah,
762 2233 824 2258 dass
841 2233 882 2258 die
900 2233 1026 2267 Republik
1046 2234 1072 2258 in
1089 2233 1136 2258 der
1153 2233 1304 2268 quarchie
1322 2233 1386 2258 oder
1403 2233 1529 2266 Despotie
1547 2232 1682 2258 ersterben
1700 2231 1815 2257 musste?

347 2271 350 2274 ⁴
388 2274 432 2301 die
448 2274 616 2310 wohlthnn'ge
633 2275 744 2301 Absicht
760 2275 838 2307 hatte,
857 2275 946 2302 diesen
962 2270 1022 2301 'rod
1041 2275 1088 2301 der
1103 2275 1232 2309 Republik
1249 2275 1330 2301 durch
1349 2276 1419 2301 scine
1438 2274 1644 2309 Staatsklugheit
1661 2283 1693 2300 zu
1710 2273 1816 2300 erleich-

382 2315 484 2343 2Volke
506 2317 563 2347 eine
583 2322 649 2343 neue
667 2316 762 2343 senten-e
784 2317 976 2344 monuehische
994 2317 1169 2359 Constitution
1192 2318 1400 2352 abzugewinncn.
1438 2316 1555 2348 Gewiss,
1579 2316 1661 2342 (Σισυ-
1678 2316 1766 2341 wurde
1783 2324 1815 2340 zu

325 723 412 764 'neris
433 731 616 771 magnificos
637 734 669 762 et
690 732 800 772 epulas
821 732 932 772 viginti
953 731 1075 763 duobus
1096 732 1221 763 milibus
1235 731 1435 762 tricliniorum
1449 731 1561 771 positis
1575 730 1671 762 dedit.
1715 730 1819 762 Oensu
1872 745 1895 753 -·
